1874 3097
780 210 787 216 -·
822 180 1023 234 uni-imm

151 316 154 317 ⁷
225 291 617 356 ufflffldispus'buoj
634 311 710 339 nec
734 300 943 351 quisquam
980 299 1088 352 quod
1113 297 1271 350 quidem
1299 298 1422 335 sciam
1449 298 1519 347 (ne
1574 310 1616 336 u-

226 366 422 418 rium-tius
446 363 623 416 quidem)
648 363 874 404 adeun-uiua
903 364 1208 416 diligentiusque
1234 363 1367 400 omnia
1394 375 1495 413 quae
1521 374 1615 413 pas-

227 432 301 471 dm
325 429 391 470 rab.
421 431 512 481 ipso
545 428 720 479 Oruquio
755 427 805 466 de
837 428 1008 468 fontibus
1034 428 1369 468 Commentatoris
1396 427 1447 465 de
1482 440 1616 465 eorum

226 496 449 539 conditione
483 494 611 545 deque
644 506 716 532 sua
749 494 792 532 in
825 492 1125 532 transcribendo
1163 493 1302 532 eodem
1338 497 1378 531 et
1411 491 1616 530 tractando

227 562 379 603 ratione
404 564 612 599 monentur
637 558 865 608 conlegerit,
891 558 994 596 hano
1020 558 1105 608 ipse
1122 559 1369 609 prouinciam
1395 558 1617 596 detrectare

181 624 187 626 ’
227 636 302 664 neo
325 625 435 675 potui
459 635 536 661 neo
562 621 692 669 debui.
719 622 895 659 Praeiuit
919 633 1047 672 nuper
1073 621 1230 672 quidem
1258 623 1333 659 hac
1358 624 1399 659 in
1418 634 1463 660 re
1488 622 1614 660 Muet-

226 688 348 729 solius
375 688 422 728 V.
449 687 509 726 GL
549 680 608 739 (in
634 678 844 738 Ephemer.
871 685 921 724 ab
956 687 1042 738 ipso
1078 685 1170 725 edit.
1207 685 1308 725 1856
1335 700 1372 737 p.
1403 687 1477 725 868
1509 687 1615 738 sqq.)

228 753 300 794 sed
324 753 360 792 is
385 766 436 791 ne
462 752 584 790 uoluit
609 750 768 801 quidem
792 752 834 788 ni
859 751 975 789 fallor
1009 753 1140 789 omnia
1180 764 1269 789 cum
1299 752 1521 802 puluisculo
1549 765 1613 789 ex·

226 817 395 858 haurire.
445 817 577 869 Atque
602 815 821 856 taediosum
846 815 951 855 hunc
976 829 1028 855 ex
1051 818 1202 868 ingenti
1234 816 1435 869 farragine
1461 816 1614 869 singula

226 883 393 923 frustula
424 882 647 932 conligendi
673 886 712 919 et
736 882 778 919 in
805 882 985 920 ordinem
1020 888 1171 920 certum
1209 883 1414 933 redigendi
1439 882 1615 920 laborem

228 949 395 987 fortasse
427 947 685 997 supersedere
719 948 876 985 omnino
902 946 1020 985 hodie
1044 959 1272 997 possemus,
1310 948 1342 984 si
1370 948 1436 984 uni
1463 951 1614 984 tantum

156 1063 159 1066 ι
220 1011 444 1063 ‘exemplari
478 1011 660 1050 editionis
691 1010 920 1050 Carminum
953 1010 1043 1049 libri
1068 1010 1150 1049 1111
1187 1024 1211 1049 a
1242 1010 1418 1061 Cruquio
1451 1024 1487 1049 a.
1516 1011 1615 1049 1565

229 1081 390 1115 curatae
415 1081 634 1127 temporum
659 1077 802 1114 iniuria
826 1077 1084 1127 pepercisset3
1110 1089 1203 1114 nam
1231 1077 1271 1113 in
1297 1065 1540 1126 praefatione
1563 1075 1613 1114 ad

229 1139 416 1179 lectorem
452 1141 687 1180 beneuolum
722 1141 820 1180 1579
860 1142 1082 1192 Cruquius:
1143 1141 1204 1179 ‘In
1237 1140 1439 1192 antiquis',
1475 1142 1613 1192 inquit,

228 1205 516 1245 'commentariis
538 1207 617 1245 iam
631 1206 782 1258 pridem
796 1207 840 1245 in
857 1213 1031 1258 quartum
1048 1206 1219 1246 odarum
1240 1206 1396 1258 Epodos
1411 1212 1447 1258 et
1461 1205 1615 1245 satiras

231 1271 418 1323 ouulyatio
449 1271 562 1311 lector
595 1272 758 1311 candide
789 1272 989 1311 nonnullos
1025 1271 1196 1323 intelliqo
1229 1278 1264 1310 et
1297 1284 1373 1310 non
1400 1277 1614 1323 postremae

228 1342 340 1374 notae
369 1337 475 1374 uiros
511 1336 742 1375 subsannare
777 1343 889 1387 atque
923 1336 1018 1375 adeo
1056 1337 1234 1374 reiectas-e
1271 1336 1473 1374 dictionem
1505 1336 1615 1383 hanc,

230 1400 580 1449 Commentator,
597 1402 716 1452 quasi-
731 1402 857 1440 minus
880 1401 1056 1440 idoneam
1079 1414 1146 1439 nec
1169 1402 1277 1448 satis,
1293 1407 1336 1439 ut
1361 1406 1616 1439 enan-atorem

229 1471 340 1513 notet,
371 1465 551 1503 latinam:
589 1465 688 1516 qaod
721 1466 871 1503 etiamsi
902 1478 978 1503 mm
1002 1467 1160 1517 penitus
1192 1465 1355 1516 infitier,
1388 1472 1538 1503 tamen
1571 1466 1615 1503 si

229 1529 535 1582 diligentius
563 1531 968 1577 animadvertant
997 1536 1213 1569 nostrum
1237 1544 1290 1569 ea
1314 1531 1367 1569 in
1391 1543 1438 1568 re
1462 1530 1614 1568 comi-

228 1593 349 1633 lium
365 1601 410 1632 et
425 1595 687 1646 epistolam
711 1595 773 1633 ad
798 1594 1017 1633 lectorem
1042 1594 1156 1633 olim
1172 1594 1198 1632 l.
1217 1594 1426 1633 Odarum
1452 1600 1615 1645 quarto

221 1661 564 1710 praepositam
588 1660 856 1699 candidius
877 1660 1137 1711 pelleqant
1153 1662 1361 1710 aequiores
1378 1665 1485 1698 certe
1502 1659 1615 1698 nobis

229 1735 297 1762 eos
323 1724 407 1764 fore
432 1724 690 1763 crediderim.’
731 1724 831 1776 (Ofr.
857 1724 1052 1763 Muetzell.
1079 1724 1105 1762 l.
1131 1725 1160 1779 J*
1185 1737 1223 1775 p.
1250 1725 1354 1775 851).
1394 1724 1475 1762 Sed
1499 1726 1616 1775 periit

229 1787 298 1827 illa
322 1789 441 1828 editio
467 1795 510 1827 ut
535 1790 712 1839 uidetur3
745 1795 853 1828 certe
878 1797 929 1829 ne
956 1792 1071 1828 unius
1099 1790 1258 1841 quidem
1285 1789 1521 1841 exemplaris
1546 1803 1615 1828 no-

228 1854 315 1892 titia
339 1854 392 1891 ad
417 1867 489 1893 nos
514 1856 707 1905 peruenit.

349 1983 461 2031 Quae
479 1997 569 2023 cum
587 1986 642 2023 ita
660 1998 749 2024 esse
776 1984 952 2023 uiderem
978 1984 1152 2023 taedium
1178 1984 1415 2022 uincendum
1435 1990 1474 2021 et
1493 1990 1614 2022 totam

229 2047 391 2100 Oruquii
403 2049 646 2101 farraginem
673 2052 815 2089 iterum
830 2051 1050 2100 iterumque
1074 2049 1346 2088 excutiendam
1363 2054 1401 2087 et
1424 2048 1615 2099 quidquid

226 2113 280 2153 ad
311 2114 668 2154 Commentatorem
703 2121 900 2168 spectaret
941 2114 1218 2166 conligendum
1253 2119 1292 2153 et
1327 2114 1613 2165 disponendum

226 2179 322 2218 mihi
347 2193 436 2220 esse
460 2184 615 2232 putaui,
650 2195 726 2233 quo
752 2183 904 2220 iactura
930 2167 1049 2232 {upra
1074 2186 1291 2219 memorata
1316 2179 1610 2231 quantulacum-

227 2257 303 2296 que
329 2260 380 2285 ex
404 2251 515 2298 parte
548 2253 808 2299 repararetur.
858 2246 989 2297 Atque
1024 2248 1262 2297 tripertitam
1297 2258 1384 2283 esse
1420 2244 1524 2283 uolui
1554 2250 1611 2283 to-

226 2315 307 2350 tam
341 2313 627 2363 quaestionem,
663 2313 717 2351 ita
740 2317 784 2350 ut
807 2313 976 2363 primum
1002 2311 1052 2350 de
1078 2303 1249 2349 fontibus
1284 2310 1613 2348 Commentatoris

228 2376 416 2427 quidquid
451 2378 649 2429 Cruquius
684 2381 1029 2416 commemorasset
1062 2388 1318 2425 congererem
1332 2403 1343 2423 ‚
1383 2375 1527 2414 deinde
1562 2376 1614 2414 ad

227 2441 489 2480 conditionem
522 2442 687 2481 fontium
714 2455 814 2494 quae
842 2445 1065 2493 spectarent
1091 2439 1288 2478 adferrem
1315 2439 1484 2492 denique
1510 2453 1611 2491 quae

228 2507 423 2559 Cruquius
449 2510 534 2559 ipse
562 2507 611 2545 de
627 2521 700 2545 sua
722 2509 763 2545 in
789 2506 1098 2546 consarcinando
1118 2506 1435 2545 Commentatore
1462 2508 1613 2544 ratione

225 2571 291 2611 hic
315 2573 397 2612 illic
422 2573 622 2625 professus
650 2577 756 2611 esset
780 2574 822 2610 in
848 2585 925 2610 uno
952 2576 1165 2622 conspectu
1191 2584 1389 2622 ponerem.

1265 2721 1316 2753 ³*
