1874 3097
311 192 363 231 24
435 238 439 243 ἱ
865 191 1161 231 ρνΑΕεΉοπΕε

312 297 446 330 teu-rme
471 296 590 330 meus
614 296 683 330 aut
708 290 866 330 additur
890 295 954 331 ut:
979 292 1153 332 habundo
1174 290 1360 331 horu-ei·
1383 289 1703 344 benamm-

313 355 378 394 ber
402 355 497 394 hora
532 356 622 407 (pro
647 357 732 406 ora)
758 357 928 396 cohow-ooo
951 359 1087 397 nothus
1104 356 1297 409 prothea«.
1339 353 1707 397 consonantesssaut

282 413 285 415 v
312 420 417 459 male
442 420 693 472 duplicantur
716 425 780 460 ut:
816 421 981 461 sarcullo
1016 421 1218 462 cum-imdlo
1243 420 1402 473 affricus
1436 419 1569 459 astella
1601 417 1706 461 36110

313 490 382 523 aut
406 484 510 523 male
536 485 736 536 simplices
762 486 959 537 adparent
983 492 1046 526 ut:
1078 487 1198 539 polite
1226 485 1372 537 polum}
1391 484 1499 524 ‘stela
1538 483 1707 536 Paludis

312 550 440 588 sixena
471 549 650 588 solicitus.
685 571 736 579 —
770 550 918 588 Contra
943 552 983 588 in
1009 550 1099 590 aliis
1126 550 1290 590 uocibus
1319 551 1480 601 antiqua
1507 547 1704 591 scribendi

313 615 413 653 ratio
446 619 514 653 aut
550 626 709 666 semper
745 616 938 653 retinetur
978 615 1194 654 alindescem
1227 621 1408 667 temptare
1445 618 1513 653 aut
1548 615 1716 667 saepius*

314 684 420 718 certe
446 685 509 722 ut:
536 679 646 718 belua
671 693 782 719 sucus
806 680 918 719 milia
944 686 1032 719 tura
1058 679 1138 719 alia
1164 680 1318 719 similia.

436 808 546 860 Sigla
579 815 787 860 praeterea
820 809 1016 860 permulta
1050 809 1175 848 codex
1211 809 1331 848 habet
1364 814 1407 847 ut
1439 808 1597 847 codices
1629 808 1704 848 XV

318 874 467 912 saeculi
503 874 651 923 solent3
689 874 761 912 sed
794 875 915 912 malui
941 874 1091 912 ‘talium
1126 888 1260 913 rerum
1286 874 1473 912 curiosos’
1500 875 1542 911 in
1567 875 1706 925 primis

316 938 367 981 ad
395 938 607 977 Kirchneri
642 939 818 977 libellum
853 941 1011 991 saepius
1045 942 1125 978 iam
1156 939 1358 978 laudatum
1385 938 1562 990 relegare
1589 950 1706 990 quam

315 1003 456 1042 eadem
482 1004 547 1042 hic
565 1004 817 1055 adpingenda
836 1018 996 1054 curare3
1022 1018 1114 1043 nam
1133 1018 1233 1056 quae
1259 1004 1314 1043 ibi
1344 1018 1394 1042 ex
1421 1005 1595 1043 eiusdem
1622 1008 1706 1043 sae-

317 1068 395 1106 culi
423 1068 626 1107 codicibus
654 1069 882 1108 adferuntur
908 1070 993 1109 fere
1019 1071 1150 1109 omnia
1177 1072 1292 1108 etiam
1321 1071 1360 1107 in
1385 1075 1518 1108 nostro
1536 1069 1706 1108 Acronis

317 1133 453 1172 codice
478 1136 713 1186 reppereris.
767 1134 914 1174 Contra
941 1135 1046 1187 quod
1072 1135 1227 1174 silentio
1253 1146 1331 1174 non
1357 1148 1483 1186 aeque
1507 1134 1571 1172 hic
1590 1139 1706 1188 atque

316 1198 385 1237 illa
407 1200 737 1250 praetereundum
763 1201 918 1240 uidetur
944 1200 1019 1239 hoc
1046 1205 1126 1250 est,
1154 1200 1302 1239 nullam
1329 1202 1485 1239 omnino
1523 1214 1610 1238 esse
1636 1213 1708 1250 per

317 1269 441 1302 totum
466 1264 642 1308 codicem
668 1266 1041 1316 interpunctionem3
1070 1278 1146 1315 quo
1164 1266 1208 1303 fit
1224 1270 1267 1303 ut
1283 1264 1400 1303 lectio
1425 1266 1475 1303 sit
1496 1264 1707 1304 admodum

317 1328 490 1368 difficilis
517 1334 556 1369 et
572 1328 719 1369 laboris
745 1329 874 1382 plena.

440 1458 611 1497 Grauior
634 1459 757 1498 multo
784 1461 960 1510 quaestio
984 1464 1044 1499 est
1061 1459 1110 1498 de
1135 1461 1260 1511 pretio
1288 1463 1327 1499 et
1351 1460 1581 1497 auctoritate
1600 1458 1705 1497 codi-

317 1524 374 1561 cis
399 1524 440 1560 in
467 1524 722 1562 emendandis
759 1526 1050 1562 commentariis
1076 1525 1310 1563 Acronianis
1348 1523 1566 1562 statuenda.
1619 1523 1709 1570 Qua

319 1587 370 1625 de
408 1600 453 1625 re
492 1593 536 1625 ut
567 1590 706 1639 paucis
741 1588 871 1627 dicam
907 1588 1011 1639 quod
1046 1591 1230 1627 sentiam:
1266 1588 1370 1626 haud
1406 1588 1505 1627 adeo
1543 1582 1708 1626 multum

320 1652 457 1691 codice
484 1652 738 1702 adiuuamur3
774 1658 817 1691 ut
843 1653 892 1691 de
919 1653 1084 1704 singulis
1110 1652 1273 1692 uocibus
1300 1652 1365 1691 uel
1391 1653 1617 1704 deprauatis
1645 1651 1708 1690 uel

318 1717 506 1756 mutilatis
532 1718 597 1756 uel
624 1720 870 1769 transpositis
898 1719 960 1756 uel
988 1720 1144 1757 omissis
1171 1724 1341 1765 taceam,
1379 1717 1587 1768 singularis
1622 1719 1707 1755 eius

318 1784 386 1833 qui
414 1782 591 1821 codicem
617 1784 776 1834 scripsit
801 1784 954 1822 incuria
979 1784 1176 1834 imperitia
1214 1782 1466 1834 neglegentia
1500 1796 1544 1821 se
1578 1782 1709 1834 prodit

316 1849 535 1885 innumeris
573 1848 658 1886 fere
690 1848 806 1886 modo
840 1848 1053 1890 maioribus
1088 1848 1204 1886 modo
1242 1848 1458 1886 minoribus
1499 1849 1705 1886 sententiis

319 1914 476 1950 omnino
503 1913 661 1950 omissis
696 1912 943 1950 aberratione
977 1912 1182 1951 oculorum
1217 1925 1335 1963 quam
1369 1917 1527 1951 uocant.
1585 1911 1707 1950 Cuius

316 1978 374 2014 rei
408 1976 515 2014 haud
548 1977 720 2015 alienum
747 1990 771 2014 a
795 1982 928 2015 nostro
957 1978 1119 2015 consilio
1153 1975 1415 2016 iudicauimus
1445 1977 1550 2015 infra
1580 1988 1708 2028 pauca

317 2042 472 2080 adferre
499 2041 701 2094 exempla3
737 2048 776 2080 et
808 2043 865 2080 ita
900 2042 1057 2092 quidem
1090 2055 1175 2080 rem
1203 2043 1268 2093 egi
1294 2047 1337 2080 ut
1363 2042 1514 2081 scholia
1548 2054 1600 2080 ex
1625 2041 1705 2079 edi-

320 2108 426 2145 tione
451 2107 625 2146 Fabricii
650 2108 807 2158 integra
832 2108 1083 2158 ascripserim
1106 2109 1163 2145 eis
1190 2119 1291 2157 quae
1316 2109 1356 2144 in
1383 2107 1519 2145 codice
1544 2105 1708 2157 expulsa

320 2177 410 2209 sunt
435 2173 551 2223 uncis
582 2171 756 2211 inclusis.
809 2172 925 2221 Quod
959 2178 1072 2224 grate
1105 2174 1137 2210 si
1170 2185 1248 2211 non
1284 2171 1464 2211 omnibus
1500 2176 1540 2210 at
1572 2176 1705 2210 tamen

316 2238 450 2276 multis
476 2251 539 2276 me
565 2238 710 2276 fecisse
735 2251 945 2290 numquam
971 2252 1050 2277 non
1078 2237 1249 2277 credam.

368 2368 499 2406 Carm.
526 2368 546 2406 Ι
574 2369 634 2417 12,
660 2368 711 2409 26
737 2368 834 2406 hunc
859 2369 977 2419 equis.
1028 2368 1076 2406 Id
1102 2370 1162 2405 est
1189 2368 1360 2417 equestri
1385 2366 1547 2418 proelio.

419 2433 541 2483 [illum
559 2434 717 2485 puynis.
757 2434 947 2472 Oestuum
972 2446 1107 2484 pugna
1127 2432 1194 2471 uel
1219 2433 1392 2484 pedestri
1418 2432 1581 2483 proelio]

371 2498 432 2546 18,
459 2498 508 2535 14
533 2504 726 2550 tympana.
767 2498 1031 2548 Ebrietatem3
1070 2498 1178 2549 [nam
1200 2503 1475 2551 tympanorum
1501 2498 1705 2549 strepitum

468 2576 540 2615 pro
568 2564 757 2601 ebrietate
782 2564 924 2614 posuit.

416 2640 547 2665 caecus
571 2641 678 2666 amm·
701 2621 773 2667 sui.
826 2628 993 2680 Propter
1019 2627 1263 2679 ebrietatem]
1291 2629 1449 2666 nescius
1476 2629 1536 2666 sui
1561 2640 1595 2666 e.
1614 2640 1651 2679 q.
1671 2641 1702 2666 s.
