1874 3097
270 206 324 247 26
830 205 1124 244 vanonns
1145 168 1157 172 ³

394 305 571 343 Primum
603 303 789 345 lemmata
828 316 1066 358 quamquam
1097 308 1138 344 in
1173 305 1313 344 codice
1346 305 1579 358 plerumque
1596 308 1675 347 zita,

272 369 511 409 exhibentur
546 374 588 408 ut
621 374 780 421 praeter
813 371 941 421 prima
974 370 1115 419 Horati
1146 370 1270 409 uerba
1299 369 1590 422 planesel-ima
1616 385 1668 411 ex

261 435 438 474 rrelicuis
464 439 534 473 aut
558 447 638 472 una
663 436 816 473 tantum
849 439 918 473 aut
953 435 1055 474 duae
1080 437 1232 487 priores
1256 433 1414 474 litterae
1439 432 1666 487 adpetant,

274 504 408 538 tamen
446 498 579 536 multis
618 498 716 537 locis
756 500 969 549 genuinam
1002 504 1142 551 poetae
1180 512 1338 537 manum
1380 512 1485 538 eum-
1507 501 1666 551 optimis

273 569 414 615 poetae
441 563 644 602 codicibus
670 568 893 602 seruarunt.
945 563 1033 603 Sic:

396 693 530 732 earm.
555 693 660 744 115,
686 694 739 733 20
770 694 976 744 gnidius-ae
1014 694 1095 744 (m
1128 693 1383 745 gnidiusque)
1409 716 1460 724 -
1492 684 1551 736 111
1578 694 1615 744 8,
1644 695 1664 732 1

278 756 393 796 docte
420 759 615 796 sermonis
649 759 731 808 (non
764 758 975 809 sermones)
1010 780 1061 786 -—
1096 758 1131 806 9,
1157 759 1184 796 5
1218 759 1344 799 donec
1367 772 1447 797 non
1473 759 1553 797 alia
1584 760 1667 810 (non
1717 774 1720 777 ·

275 821 407 872 aliam)
426 823 553 873 magis
580 843 633 850 —
650 822 754 870 12,·3
768 823 979 860 metuentis
1005 822 1087 872 (non
1104 823 1336 873 metuentes)
1351 825 1399 852 -·'—
1416 823 1475 871 14,
1496 824 1542 861 11
1562 822 1667 862 male

273 887 485 925 nominatis
512 887 594 937 (non
618 886 723 925 male
749 887 880 937 omin.)
899 909 948 915 —
968 887 1027 935 18,
1056 886 1106 924 14
1121 888 1299 938 agrestis
1315 909 1365 918 -·
1386 887 1445 937 19,
1466 887 1515 926 15
1531 889 1666 926 tris-

272 951 336 1000 23,
364 951 412 990 17
443 951 615 989 inmunis
640 964 751 990 aram
783 972 834 979 ——
866 951 929 1000 24,
960 953 1006 992 12
1039 952 1225 990 inmetata
1263 974 1312 980 ——-
1349 952 1413 1001 24,
1440 952 1489 991 42
1520 952 1666 1004 obpro-

273 1015 405 1055 brium
436 1016 515 1055 alia
540 1017 637 1055 satis
663 1016 807 1065 multa,
836 1029 1001 1067 quorum
1024 1018 1323 1068 partem.etiam
1348 1018 1452 1055 infra
1476 1020 1664 1069 reperies.

358 1149 363 1153 ’
397 1145 478 1184 Sed
505 1147 628 1184 etiam.
649 1148 690 1184 in
717 1146 975 1184 emendandis
1010 1148 1108 1198 ipsis
1135 1144 1427 1185 commentariis
1451 1160 1529 1186 non
1554 1160 1665 1185 num-

273 1222 392 1261 quam
425 1210 553 1249 codess
585 1224 659 1250 nos
690 1211 850 1249 adiuuit.
901 1210 1031 1249 Huius
1067 1223 1221 1262 quoque
1254 1213 1413 1263 generis
1443 1225 1522 1251 non
1555 1211 1666 1251 nulla

273 1276 377 1313 infra
402 1277 443 1313 in
469 1289 591 1313 unum
618 1281 872 1326 conspectum
896 1277 1023 1326 posui.

318 1405 369 1444 O.
395 1405 416 1442 I
443 1405 478 1453 1,
504 1406 575 1445 23:
602 1393 696 1443 lituo
723 1405 843 1443 tubae.
884 1405 992 1443 Inter
1028 1405 1167 1444 lituum
1192 1410 1233 1444 et
1258 1404 1393 1445 tubam
1419 1406 1493 1444 hoc
1518 1406 1664 1444 distare

423 1470 554 1507 inueni
585 1482 619 1508 e.
648 1482 683 1520 q.
700 1482 743 1512 ,s.
769 1469 935 1507 FABR.

373 1534 468 1573 lituo
495 1541 521 1573 t.
572 1535 605 1573 Ι.
633 1535 658 1573 1.
688 1548 720 1572 e.
748 1539 775 1572 t.
811 1535 973 1573 hianti
1008 1536 1114 1585 quis
1149 1535 1192 1585 (i.
1227 1548 1257 1573 e.
1295 1536 1335 1572 in
1368 1536 1555 1586 antiquis)
1587 1536 1663 1574 hoe

426 1599 463 1637 d.
489 1601 514 1637 i.
543 1612 576 1637 e.
603 1612 639 1651 q.
666 1613 697 1638 s.
727 1598 842 1639 001).

321 1665 361 1715 2,
386 1665 431 1704 2:
450 1662 607 1703 'sacr-as.
657 1665 706 1703 Id
741 1670 802 1704 est
835 1665 887 1703 ad
922 1678 1058 1704 sacras
1093 1678 1205 1704 arces
1236 1665 1383 1718 templa
1416 1665 1577 1704 deorum
1615 1688 1665 1695 -—

424 1730 521 1767 dicit
544 1730 711 1769 FABR.

379 1795 543 1846 (sacras,
559 1795 588 1833 i.
607 1808 644 1833 a.
662 1808 804 1845 sacras,
831 1794 907 1834 hoc
926 1796 1011 1847 est‚)
1038 1809 1210 1834 sacras
1234 1795 1489 1834 iaculatus
1514 1809 1662 1835 arces

423 1859 568 1898 Sacras
594 1871 706 1898 arces
732 1881 783 1887 —
801 1859 905 1898 dicit
930 1859 1046 1899 COD.

321 1925 358 1973 2,
385 1924 430 1963 9.
458 1924 654 1963 iaculante
679 1937 775 1962 mox
807 1924 964 1977 Pyrrha
988 1925 1140 1976 lapides
1166 1925 1324 1976 puellae
1352 1929 1391 1964 et
1416 1925 1663 1964 Deucalione

420 2002 554 2028 mares
581 1991 684 2027 natis
711 1993 802 2028 sunt
826 1989 992 2028 FABR.

372 2053 602 2093 iaculata
629 2067 663 2093 e.
691 2066 728 2105 q.
757 2067 788 2092 s.
818 2053 936 2094 001).

323 2120 391 2159 15:
425 2126 673 2158 monumenta.
734 2119 900 2171 Regiam
934 2119 1045 2159 dixit.
1106 2119 1235 2158 Locus
1271 2125 1330 2159 est
1369 2134 1463 2172 ergo
1502 2123 1545 2160 in
1583 2135 1661 2173 quo

421 2184 551 2223 Numa
575 2184 792 2236 Pompilius
817 2184 1009 2223 habitauit
1036 2197 1071 2222 e.
1100 2197 1137 2236 q.
1167 2198 1198 2223 s.
1223 2185 1386 2225 FABR.

369 2263 468 2289 mon.
519 2251 566 2289 R.
594 2250 633 2289 d.
658 2250 789 2289 Locus
818 2255 877 2289 est
903 2252 1038 2288 enim
1064 2263 1100 2288 e.
1128 2263 1164 2300 q.
1192 2265 1224 2289 s.
1255 2250 1385 2290 COD.

319 2315 434 2354 ibid.:
460 2317 572 2367 reqis.
624 2316 778 2355 Numae
819 2314 970 2357 scilicet
1007 2315 1190 2366 Pompilii
1223 2317 1287 2365 qui
1321 2316 1553 2354 seditionem
1592 2316 1661 2354 ab·
1709 2322 1711 2324 ’

423 2381 532 2420 stulit
558 2382 796 2434 etregionis
823 2380 972 2420 cultum
996 2380 1177 2419 adhibuit
1198 2381 1361 2420 FABR.

370 2448 482 2497 regis.
524 2447 573 2485 N.
601 2460 632 2485 s.
651 2448 696 2485 P.
716 2460 753 2497 q.
768 2461 799 2486 s.
826 2461 863 2485 a.
892 2453 931 2485 et
955 2447 1230 2497 religionis
1258 2448 1407 2486 cultum
1431 2448 1522 2486 adh.
1544 2447 1660 2487 COD.

321 2512 392 2552 31:
428 2512 598 2551 amictus.
652 2512 843 2553 Candidis
869 2512 1039 2552 nubibus
1074 2512 1227 2552 uelatus
1260 2519 1304 2553 ut
1339 2515 1406 2565 qui
1431 2514 1557 2553 uideri
1581 2526 1659 2552 non

422 2582 553 2627 potest
577 2578 737 2618 FABR.

299 2669 309 2677 ·
373 2645 544 2684 amictus.
599 2644 644 2683 G.
670 2659 708 2683 n.
735 2659 773 2686 u.
800 2649 848 2684 ut
875 2645 956 2696 qui
982 2644 1150 2684 uideri
1176 2646 1345 2697 possit
1373 2644 1489 2684 COD.
