1874 3097
754 178 757 179 ⁷
782 167 1016 204 onmem
1422 205 1428 209 e
1548 172 1575 209 9

281 278 419 323 *optma
446 272 476 308 i.
510 285 559 308 m.
595 286 624 309 s.
659 272 727 321 qlt:
752 286 783 310 s.
824 271 929 320 -Qui
962 271 1246 323 prudente-r
1278 273 1410 322 sapit
1444 277 1491 310 et
1528 273 1575 309 in

335 334 570 374 'aduersis
610 333 825 375 ‘meliora
862 341 1033 389 sperat
1062 341 1125 375 et‘
1158 342 1265 374 eum
1309 338 1575 388 prosperis

341 399 489 443 rebus
524 402 680 438 utitur
718 404 970 439 contraria
995 402 1104 440 illis
1130 404 1156 440 i.
1186 415 1219 440 e.
1247 402 1462 439 aduersa
1488 416 1574 440 me-

338 464 446 502 tuit.
472 463 649 502 Metuit
672 464 900 503 secundis
924 465 1133 504 alteram
1159 469 1339 520 sortem
1363 467 1388 503 i.
1409 478 1442 504 e.
1465 478 1574 504 eon-

339 528 543 566 trariam'
568 529 812 566 secundis*
844 530 946 580 quod
983 536 1043 568 est
1068 531 1276 569 aduersam
1302 531 1418 570 COD.

238 592 299 632 ΠΙ
323 592 360 642 8,
386 592 456 631 25:
481 591 736 644 ‘neqleqe‘nn
760 605 798 629 π.
826 605 859 644 q.
879 606 923 644 p.
941 593 967 631 l.
1002 593 1306 645 ‘Neglegens’
1332 607 1462 633 nune
1488 608 1574 647 pro

288 682 291 686 -
340 671 516 697 securo
541 658 755 709 positum
790 663 862 696 est
895 663 947 696 ut
979 672 1001 696 e
1029 661 1290 698 contrario
1316 661 1574 711 Vergilius

342 722 568 760 ‘securus’
616 734 700 772 pro
752 721 1081 772 ‘neglegente'
1128 725 1318 773 posuit:
1357 725 1575 762 ‘securus

340 800 557 832 amorum
581 787 856 838 germanae'
885 786 1003 838 (Aen.
1021 787 1053 836 I,
1073 787 1166 838 350)
1193 787 1308 827 COD.
1335 788 1573 840 (InFABR.

341 851 454 889 haee.
467 854 624 890 omnino
651 852 809 902 desunt)

240 916 300 956 III
328 916 453 965 19,1:
481 916 670 962 Quantum
696 917 816 955 distat
840 916 889 955 ab
913 917 1066 956 Inacho.
1102 916 1320 968 Telephum
1346 917 1575 957 adolescen-

293 1019 301 1021 s
341 986 420 1020 tem
454 981 665 1032 alloquitur
699 984 790 1032 quia
822 994 922 1033 quae
952 984 1164 1033 pertinent
1181 981 1234 1019 ad
1266 984 1437 1039 conuiuii
1461 996 1574 1034 prae—

340 1047 461 1084 sentis
487 1050 718 1098 apparatus
723 1059 803 1085 non
834 1051 1028 1085 narraret.
1054 1045 1212 1084 Deinde
1239 1059 1271 1085 e.
1292 1058 1331 1098 q.·
1349 1059 1380 1085 s.
1407 1046 1573 1085 FABR.

292 1110 483 1155 Quantum
509 1111 621 1149 distet
645 1111 693 1149 ab
710 1112 743 1151 Ι,
794 1111 1013 1162 Telephum
1039 1111 1333 1150 adulescentem
1356 1109 1578 1162 adloquitur

339 1175 505 1213 ioeose
552 1187 657 1213 eum
705 1176 983 1227 corripiens
1028 1176 1156 1227 quod
1197 1176 1445 1214 historias
1481 1189 1577 1223 non

341 1240 401 1278 ad
434 1254 485 1278 se
510 1242 820 1291 pertinentes
845 1243 1012 1292 potius
1038 1242 1270 1293 loquatur
1295 1255 1439 1292 quam
1456 1255 1578 1293 quae

341 1305 633 1356 pertineant
659 1304 715 1343 ad
741 1306 962 1343 conuiuii
988 1306 1274 1357 praesentis
1293 1311 1578 1357 apparatus.

343 1369 536 1408 Deinde
563 1383 596 1408 e.
624 1382 660 1421 q.
687 1383 718 1408 s.
749 1369 867 1410 COD.
1269 1392 1272 1395 -
1306 1396 1309 1399 ι

242 1433 336 1472 ibid.
361 1434 432 1473 27:
471 1434 689 1485 tempestiua
707 1435 810 1485 petit
833 1434 956 1474 Chloe.
1007 1434 1055 1473 Id
1082 1440 1153 1483 est,
1188 1439 1342 1473 matura
1365 1434 1484 1473 rebus
1510 1447 1578 1472 ue-

218 1502 220 1505 ’
342 1500 473 1538 nereis
497 1499 662 1538 FABR.

292 1565 574 1615 tempestiuap.
595 1564 662 1603 Ch.
691 1563 814 1611 Quid
841 1568 913 1602 est
939 1565 1256 1615 tempestiua?
1282 1565 1457 1603 Vtrum
1482 1577 1579 1602 non

343 1630 623 1680 importuna
661 1641 717 1666 ae
754 1641 846 1667 non
885 1629 1185 1668 incommoda
1213 1642 1276 1667 an
1310 1642 1427 1668 uero
1464 1633 1578 1668 tem-

343 1695 540 1744 pestiua
565 1694 591 1730 i.
612 1706 644 1730 e.
655 1693 690 1716 ¹*
715 1699 868 1731 matura
886 1692 1005 1732 rebus
1024 1693 1225 1731 ueneriis?
1252 1693 1367 1733 COD.

244 1757 304 1797 III
329 1758 391 1806 20,
422 1757 489 1797 15:
528 1757 655 1809 qualis
692 1764 760 1796 aut
795 1758 950 1797 Nireus.
1013 1757 1124 1796 Nirei
1167 1757 1501 1809 pulchritudinem
1541 1764 1581 1796 et

344 1822 540 1861 Homerus
566 1823 811 1873 praedicauit
835 1823 996 1862 FABR-

295 1887 421 1938 qualis
447 1878 484 1925 ά.
500 1888 553 1925 Ν.
579 1888 688 1925 Nirei
705 1887 1039 1939 pulchritudinem
1057 1892 1096 1925 et
1109 1886 1304 1925 Homerus
1323 1887 1578 1938 praedicauit,

346 1967 445 1992 cum
483 1955 568 1992 ait:
612 1943 777 2003 Νιρὲύς
808 1968 853 1993 τε
896 1953 917 1992 ὁ
951 1953 1190 1996 κάλλιστος
1215 1951 1332 2003 ἁνήρ
1358 1951 1581 1991 ὑπ’Ἰλιον

343 2015 537 2069 maest*
565 2018 694 2070 (Iliad.
722 2020 748 2067 β
773 2019 880 2070 673).
909 2018 1022 2058 COD.

244 2084 337 2122 ibid.
366 2084 430 2123 16:
456 2076 639 2135 aquosa
662 2091 840 2135 ‘raptus
864 2083 920 2122 ab
946 2083 1047 2122 Ida.
1076 2081 1405 2135 Ganymedem
1431 2084 1581 2133 signi-

271 2150 272 2153 ’
345 2149 472 2187 fieat
492 2149 608 2189 COD.
635 2149 699 2199 (In
711 2149 869 2187 FABR.
883 2149 958 2194 hoe
976 2147 1153 2186 scholion
1171 2147 1314 2198 deest.)

243 2213 304 2252 III
328 2214 390 2263 27,
416 2214 487 2253 40:
514 2214 624 2252 ludit.
674 2213 722 2252 Id
749 2217 807 2251 est
831 2225 902 2264 pro
929 2225 1064 2251 somno
1089 2210 1252 2250 FABR.

295 2278 396 2317 ludit
419 2280 590 2331 imaqo.
629 2278 722 2317 Pro
749 2279 935 2317 somnio
962 2277 1163 2315 dieitur.
1195 2277 1253 2315 Et
1280 2282 1355 2314 est
1380 2288 1581 2315 sensus:

325 2345 463 2383 'sine
488 2346 611 2384 uitio
638 2358 738 2384 sum
765 2350 812 2384 et
834 2344 926 2390 hoc
950 2345 1115 2396 potius
1142 2344 1329 2382 somnio
1355 2342 1493 2382 COD.-

176 2421 178 2424 ·
245 2409 306 2448 III
330 2409 392 2459 29,
418 2410 485 2448 57:
511 2423 587 2448 ‘non
612 2416 666 2449 eet
689 2423 808 2449 meum
832 2432 881 2438 —
901 2408 1081 2461 procellis
1095 2437 1234 2446 ......
1262 2409 1354 2463 quia
1377 2420 1454 2446 nee
1477 2410 1582 2460 peri-

348 2474 437 2531 culo
456 2488 531 2513 nee
548 2477 771 2526 tempestati
790 2481 975 2527 quaestus
995 2472 1115 2513 censa
1131 2488 1195 2513 me
1212 2475 1410 2513 committo
1421 2473 1582 2513 FABR.

238 2561 276 2592 1*
289 2562 369 2601 fort.
387 2572 448 2600 pro
468 2562 490 2591 i.
512 2545 651 2592 enter-ib.
671 2562 754 2592 idem
776 2572 813 2594 at·
894 2561 934 2593 2*
964 2561 1085 2592 Graeca
1104 2571 1183 2601 quae
1202 2572 1301 2601 cupra
1318 2561 1476 2600 posuimus
1496 2571 1516 2591 a
1537 2571 1581 2591 re-

298 2618 425 2649 veraciori
443 2629 537 2649 mnam
556 2619 590 2649 in
608 2618 742 2656 spatium
756 2628 810 2658 pr.
823 2629 864 2649 m.
886 2628 1014 2648 uacuum
1033 2617 1172 2648 relictum
1190 2617 1308 2655 scripta
1320 2621 1389 2646 mut
