1874 3097
1740 62 1742 65 ,
1783 46 1825 65 ἑίϊ

316 205 368 244 38
855 202 1158 243 ΩῪΔΕΒΤΙΟΕΕΒ

435 304 485 342 A.
512 303 800 343 Adnotationes
823 304 1034 344 Blandim‘i
1065 297 1315 343 Vetustissimi
1339 301 1593 342 Iaudanmrr.
1611 316 1623 337 w.
1638 333 1653 337 .-
1678 314 1713 344 ·:².‚
1771 308 1773 310 ’

314 382 360 421 p:
397 369 468 407 197
497 382 541 408 a:
561 370 649 408 “sic
673 368 793 408 habet
818 368 997 408 Bland.
1033 370 1284 408 uetustiss-
1320 380 1428 421 cum
1451 367 1541 407 hae
1563 367 1712 408 adnm

314 435 535 471 tatione:
562 433 643 472 late
668 434 834 484 patens?
861 454 912 462 -—
937 446 977 485 p.
1002 433 1081 472 224
1104 446 1149 473 a:
1174 433 1253 471 ‘hic
1280 434 1328 470 in
1353 433 1712 484 antiquissimo

316 498 417 536 cod.
443 497 613 535 Bland.
642 511 700 535 ex
725 511 817 536 usu
842 499 1103 549 frequenti
1130 498 1328 536 litteris
1361 498 1712 549 propemodum

316 562 507 601 deletis
540 564 840 602 coniectura
873 565 953 602 uix
979 568 1240 602 assecutus
1277 575 1376 602 sum
1400 562 1524 601 haee
1557 561 1712 601 uerba

317 641 351 666 e.
369 640 406 678 q.
425 628 467 666 s.'
485 650 536 658 --
554 642 593 679 p.
609 629 683 668 241
710 616 760 668 bz'
783 629 1092 667 ‘Commentator
1116 629 1181 667 hic
1207 632 1366 666 secutus
1385 633 1448 665 est
1464 639 1713 666 communem

317 693 542 744 opinionem
561 692 621 742 ¹*3
657 693 727 731 sed
755 694 805 731 in
831 695 1180 745 manuscripto
1217 692 1323 732 eod.
1349 691 1526 731 Bland.
1550 695 1711 731 uetus·

317 759 507 796 tissimo
535 771 594 795 ex
619 758 978 796 characterum
1004 758 1249 796 frustulis
1277 759 1502 808 comperi,
1528 756 1712 807 Prognen

317 834 351 859 e.
379 833 416 872 q.
443 822 487 859 εἰ
505 844 556 852 --
578 834 616 873 p.
642 821 719 859 244
745 835 785 860 a:
813 822 942 860 ‘Hanc
968 821 1179 860 lectionem
1208 835 1280 861 cur
1303 834 1381 860 non
1406 822 1591 860 mutarim
1615 821 1712 859 fecit

317 886 420 925 cod.
447 889 714 937 antiquiss.
744 893 792 925 et
818 889 1184 938 interpretatio
1217 887 1458 925 adnotata
1484 886 1568 924 scil.
1592 888 1711 936 preti⁴

317 952 399 990 osi.’
426 974 476 1006 7-
502 965 540 1003 p.
566 951 641 990 342
667 951 714 990 b:
742 951 935 990 ‘Bland.
962 950 1371 1002 antiquissshabet
1395 957 1563 990 uersatum
1587 954 1628 989 et
1643 949 1710 989 ubi

318 1018 532 1068 exponit
567 1030 643 1067 quo
681 1022 857 1069 tempore
899 1019 1034 1055 sieut
1070 1022 1115 1056 et
1150 1016 1535 1055 Commentator.’
1580 1038 1630 1049 -
1670 1029 1708 1067 p.

318 1082 391 1120 347
426 1094 468 1119 a:
501 1082 664 1120 ‘ustrina
699 1081 819 1119 habet
851 1082 948 1119 cod.
985 1082 1360 1132 antiquissimus
1385 1080 1562 1119 Bland?
1589 1102 1640 1111 -·-
1671 1092 1710 1131 p.

317 1145 393 1186 402
430 1145 471 1184 b:
507 1145 879 1185 ‘adnotationes
905 1145 1162 1184 Blandinii
1199 1146 1296 1184 cod.
1331 1147 1584 1184 uetustiss.
1620 1150 1711 1185 sunt

318 1210 414 1248 hae:
443 1223 532 1250 cum
560 1211 705 1249 exudet
735 1224 771 1249 e.
799 1223 836 1261 q.
864 1211 906 1249 s.’
933 1234 982 1239 —
1008 1224 1047 1262 p.
1073 1211 1146 1251 451
1176 1224 1218 1250 a:
1245 1210 1424 1249 ‘Codex
1449 1211 1710 1261 antiquiss.

318 1275 619 1314 Blandinius
655 1275 749 1315 hab
765 1281 810 1313 et
834 1276 975 1326 species
999 1275 1102 1314 alias
1126 1276 1229 1314 ueris
1254 1288 1357 1314 cum
1384 1274 1472 1313 hac
1507 1275 1709 1314 adnota-

319 1342 472 1380 tione:
500 1342 718 1380 contrarias
746 1340 923 1382 ueritati.²
952 1363 997 1370 —-
1025 1355 1065 1392 p.
1091 1341 1167 1379 476
1193 1340 1240 1380 b:
1267 1340 1420 1379 ‘Codex
1443 1339 1609 1379 Bland.
1633 1353 1710 1379 an-

318 1407 516 1456 tiquiss.
542 1405 691 1444 habet
725 1406 782 1444 ad
813 1419 945 1446 oram
979 1407 1199 1456 paginae
1237 1405 1566 1444 characteres
1601 1406 1711 1456 ipsa

319 1471 517 1520 quidem
552 1470 705 1511 forma
735 1483 949 1521 graecos
985 1470 1057 1511 sed
1093 1483 1161 1509 eos
1197 1471 1354 1521 assequi
1394 1483 1484 1508 cum
1516 1482 1710 1521 nequeam

319 1550 399 1575 non
415 1536 552 1574 inutile
568 1536 660 1575 duxi
680 1536 867 1574 studiosis
886 1535 1243 1587 perspicacioribus
1263 1535 1458 1574 eruendos
1478 1537 1712 1588 appingere:

320 1603 536 1640 ι’ΔιετατωΝ
556 1601 750 1642 όεΝιτΗΝ
771 1603 896 1641 ιαΝειτ
921 1602 1073 1643 ςοθεΝκ
1100 1614 1134 1638 e.
1151 1613 1187 1651 q.
1204 1600 1442 1651 s.’—p.487
1459 1599 1507 1638 b:
1531 1600 1712 1651 ‘Antiq.

320 1666 424 1706 cod.
443 1659 611 1707 Bland.
639 1665 794 1706 habet
820 1667 930 1705 sine
957 1664 1062 1704 ulla
1087 1665 1240 1706 litura
1264 1672 1426 1706 nauatae
1451 1665 1714 1705 etadnota-

320 1733 507 1771 tionem
541 1721 768 1770 bauceto.
824 1732 938 1778 Quae
965 1731 1090 1769 uerba
1116 1731 1220 1781 quod
1254 1730 1349 1770 mihi
1375 1732 1569 1769 somnium
1604 1730 1712 1768 uide-

320 1801 457 1835 rentur
480 1795 589 1835 nolui
616 1796 920 1836 Commentariis
953 1795 1154 1836 inserere?
1181 1818 1232 1827 -
1257 1809 1295 1848 p.
1322 1795 1399 1835 560
1423 1795 1468 1836 b:
1495 1795 1560 1836 “In
1589 1795 1711 1834 anti-

320 1863 468 1913 quiss.
497 1861 599 1901 cod.
626 1861 799 1901 Bland.
827 1874 898 1913 pro
924 1875 1014 1899 nam
1040 1875 1137 1912 quas
1161 1861 1307 1899 deserta
1336 1867 1409 1899 etc.
1441 1860 1587 1911 leg-itur
1620 1873 1711 1901 nam

321 1940 397 1980 qua
424 1931 467 1965 et
493 1938 640 1977 supra
666 1926 895 1977 scriptum
926 1925 1018 1965 ubi?
1045 1948 1096 1956 —
1120 1940 1160 1978 p.
1186 1926 1260 1965 581
1288 1939 1333 1965 a:
1359 1918 1537 1966 ‘Bland.
1564 1928 1711 1978 antiq·

322 2005 378 2031 ex
404 2005 492 2043 quo
520 1992 953 2032 Commentatorem
979 1983 1328 2043 descripsimus
1354 1991 1473 2030 habet
1498 1992 1586 2031 eto:
1604 2006 1711 2047 -p.

320 2058 397 2096 630
422 2071 464 2097 a:
491 2056 667 2095 ‘Bland.
696 2058 947 2108 antiquiss.
981 2056 1078 2109 legit
1108 2064 1264 2097 cantata
1295 2062 1370 2097 ete.
1398 2071 1500 2096 cum
1526 2056 1615 2098 hao
1639 2058 1712 2098 ad-

321 2125 584 2163 notatione:
612 2123 662 2164 ab
689 2123 778 2162 aliis
806 2125 918 2174 prius
945 2122 1076 2167 dicta?

442 2187 489 2227 B.
523 2187 643 2226 Vnius
667 2187 887 2228 Blandinii:

440 2252 484 2293 P.
512 2252 562 2290 69
588 2251 632 2290 b:
658 2252 741 2290 ‘Sic
757 2252 899 2293 Bland.
929 2252 1043 2293 codd.
1070 2258 1153 2291 tres
1180 2253 1338 2291 habent.
1361 2253 1552 2301 .Quartus
1579 2258 1710 2292 autem

300 2348 304 2350 >
316 2318 508 2371 poscimus
534 2330 624 2357 cum
650 2316 737 2357 aliis
766 2317 835 2356 sed
861 2317 1107 2358 adnotatumz
1135 2318 1232 2357 alias
1253 2319 1459 2369 poscimur,
1484 2323 1525 2356 at
1550 2319 1627 2356 uni
1656 2331 1710 2357 ex

367 2434 401 2464 1*
429 2433 512 2464 Vnde
532 2433 627 2474 igitur
646 2433 696 2464 hic
716 2437 973 2464 commentatorem
991 2433 1122 2465 hausit?
1148 2433 1300 2464 Incertum
1320 2438 1383 2471 set}
1404 2434 1478 2474 (ἤν.
1499 2445 1596 2473 cupra
1615 2435 1659 2466 ad
1675 2445 1711 2474 p.

423 2489 485 2519 274
503 2488 534 2526 b)
567 2492 595 2518 et
622 2488 691 2518 hino
718 2488 809 2518 etiam
835 2488 870 2518 id
892 2492 978 2526 patet
1007 2499 1099 2528 quam
1131 2498 1238 2521 uerum
1258 2488 1324 2527 ipse
1343 2489 1477 2520 dixerit:
1497 2487 1658 2530 ‘quidquid
1679 2485 1713 2519 i'n

426 2543 563 2582 antiquis
584 2544 708 2583 scriptis
730 2547 761 2573 et
781 2544 957 2575 Blandiniis
979 2549 1011 2574 et
1032 2545 1103 2575 aliis
1123 2544 1307 2576 offendimus
1326 2545 1411 2575 lectu
1425 2546 1568 2585 scituque
1582 2534 1712 2585 dignum

425 2598 466 2628 ad
487 2597 579 2629 finem
602 2608 701 2636 usque
723 2596 963 2638 descripsimus-⁸
1003 2599 1043 2629 Et
1070 2599 1115 2629 sic
1132 2600 1288 2638 permulta
1308 2599 1412 2631 eorum
1430 2610 1508 2640 quae
1528 2611 1624 2639 supra
1641 2592 1712 2631 'con—

426 2652 551 2693 quz'mus
571 2652 604 2682 ὅτι
626 2652 861 2685 Omnmentatom
874 2655 1002 2693 frustra
1022 2658 1220 2696 quaeruntur.
