1874 3097
202 291 399 339 nab-dur
420 292 783 345 πιοτοῑίιιιὲαο,·ηο
806 292 947 336 scilieet
971 293 1358 334 doram’autmumo
1382 291 1590 332 Ζοοοωίω

201 358 588 411 maworn-'om‘
480 396 483 399 f
610 357 1157 409 &numqua-afimpudeutsae'
1156 357 1588 410 ‘quamplurimam

202 416 380 482 tannim-1¹8
409 422 516 464 uim
549 423 683 463 tami
713 421 907 471 uidomm;
939 423 1003 462 illi
1035 424 1135 462 enim
1158 423 1250 462 dum
1272 423 1390 463 stulta
1419 424 1586 476 quadam

199 488 443 540 persuasione
475 493 666 539 tamquam
692 487 828 529 ,omnia
856 488 1028 532 noua-int
1052 489 1152 539 quod
1175 489 1252 527 sibi
1274 490 1507 541 incognitum
1532 496 1586 528 est

200 552 391 599 dmmdmtt
421 548 548 604 atque'
568 552 763 591 inum-tunt
792 550 922 590 multa}
957 551 1224 592 mutim
1257 554 1487 594 dictionibus·
1511 554 1586 593 lin-

198 630 313 669 quam
334 616 497 656 latinam
521 615 783 668 defraudant?

319 745 433 786 inde
450 745 555 797 quod
580 749 719 797 sponte
737 745 849 796 sequi
866 743 1024 783 uidetur
1049 744 1124 782 hoc
1149 749 1209 783 est
1232 745 1512 798 Porphyrionis
1537 749 1577 785 in

199 810 274 851 bac
299 811 467 850 editione
492 815 643 850 textum
669 822 786 860 quem
812 813 957 848 uocant
972 807 1097 861 pluris
1113 809 1338 849 faciendum
1355 824 1444 851 esse
1461 825 1579 864 quam

198 876 389 925 Acronis3
416 876 507 914 huic
532 877 637 914 enim
669 874 914 921 emendando
939 871 1044 913 noua
1074 874 1325 926 meliorisque
1350 882 1465 915 notae
1491 876 1583 915 sub-

202 940 303 980 sidia
328 940 556 980 adhibuisse
581 952 661 978 non
686 938 855 978 uidetur.
894 938 976 977 Nos
1002 938 1160 991 quidem
1187 945 1267 978 toto
1293 940 1491 980 uolumine
1516 942 1583 980 ad—

199 1007 371 1046 curatius
410 1005 715 1065 diligentiusque
740 1010 907 1043 tractato
934 1004 1165 1057 conlatoque
1191 1018 1280 1043 cum
1305 1006 1462 1045 relicuis
1489 1007 1578 1046 sub-

199 1071 309 1109 sidiis
335 1082 454 1122 supra
478 1071 683 1108 recensitis
709 1069 812 1108 hanc
837 1070 921 1109 fere
947 1071 1179 1109 sententiam
1205 1070 1426 1111 tulerimus:
1469 1072 1581 1110 Por·
1652 1102 1660 1109 .

196 1135 464 1189 phyrionis
513 1134 713 1174 scholia
751 1135 1100 1174 emendatiora
1140 1136 1333 1187 quidem
1372 1135 1583 1176 exhibet

196 1201 321 1238 haec
344 1199 633 1238 Mediolano.
666 1212 808 1250 quam
842 1201 891 1237 in
925 1200 1241 1239 Fabriciana
1265 1215 1394 1240 nune
1419 1202 1581 1240 ferun-

196 1270 294 1314 tur3
337 1269 388 1303 at
426 1266 734 1303 tamencum
768 1264 1053 1305 Patauinae
1092 1270 1187 1304 tum
1229 1265 1398 1304 codici
1439 1266 1580 1306 Guel-

196 1329 513 1382 pherbytano
540 1343 598 1368 no
611 1334 714 1368 stro
741 1336 819 1368 est
844 1330 1213 1380 posthabenda3
1232 1330 1448 1369 Acronis
1467 1345 1579 1370 uero

196 1395 542 1434 commentarii
578 1407 671 1434 non
703 1395 917 1446 perinde
952 1396 1002 1433 in
1036 1408 1091 1434 ea
1116 1395 1352 1435 lacunosi
1379 1401 1488 1435 sunt
1513 1401 1578 1435 at·

194 1461 361 1511 quein
388 1459 563 1497 codice
588 1464 762 1497 nostro
790 1461 913 1498 etin
939 1462 1226 1498 uniuersum
1253 1462 1403 1499 etiam
1422 1475 1491 1500 em
1503 1475 1576 1499 en-

194 1524 427 1563 datiores
456 1536 598 1575 quam
624 1525 674 1562 in
699 1512 792 1562 i'llo
810 1529 857 1561 et
883 1523 1108 1563 editione
1125 1524 1442 1564 Fabriciana.
1461 1525 1577 1574 Quod

193 1588 351 1641 quidem
392 1589 473 1627 noli
506 1590 561 1626 ita
599 1601 624 1626 a
657 1602 721 1626 me
765 1588 913 1627 dictum
946 1590 1126 1640 accipere
1151 1591 1263 1640 quasi
1298 1602 1494 1628 summum
1528 1603 1579 1628 ex

192 1653 267 1692 hac
294 1653 465 1692 editione
501 1654 543 1691 in
569 1653 606 1692 A
616 1665 638 1691 c
646 1666 667 1691 r
676 1666 699 1692 o
707 1655 757 1692 ni
767 1667 785 1691 s
820 1654 1132 1693 emendationem
1159 1654 1329 1693 fructum
1356 1654 1578 1694 redundare

193 1718 447 1767 crediderim3
482 1718 553 1757 sed
586 1731 627 1756 m
637 1731 658 1756 e
668 1717 735 1756 lio
748 1720 789 1757 ri
804 1733 822 1757 s
847 1732 874 1756 n
892 1732 914 1757 ο
922 1724 939 1756 t
947 1732 971 1757 a
981 1732 1003 1757 e
1030 1724 1069 1758 et
1098 1719 1299 1758 codicibus
1333 1725 1373 1758 et
1399 1720 1576 1759 editioni-

191 1784 265 1823 bus
301 1783 508 1822 destitutus
536 1796 622 1822 non
656 1784 764 1835 potui
799 1796 886 1822 eam
911 1797 990 1823 non
1022 1785 1063 1822 in
1088 1782 1280 1823 auxilium
1305 1797 1460 1834 uocare,
1486 1797 1575 1823 cum

190 1851 423 1901 praesertim
449 1850 490 1887 in
512 1848 648 1887 codice
665 1853 798 1888 nostro
815 1850 857 1887 in
874 1848 1076 1900 Epistulas
1097 1850 1399 1887 commentarius
1417 1851 1574 1888 omnino

190 1914 292 1952 desit
316 1919 360 1952 ut
385 1926 505 1965 supra
530 1913 711 1951 uidimus.
745 1913 845 1952 Nam
872 1919 1061 1965 quotquot
1084 1914 1179 1952 mihi
1204 1915 1457 1955 innotuerunt
1473 1915 1574 1953 aliae

190 1978 335 2033 saeculi
363 1978 439 2018 XV
470 1983 509 2017 et
535 1978 684 2017 saeculi
714 1978 811 2018 XVI
837 1978 1026 2017 editiones
1054 1978 1153 2030 (uidi
1180 1984 1312 2017 autem
1330 1985 1369 2018 et
1385 1981 1573 2030 grauiori-

187 2043 262 2083 bus
289 2043 387 2083 locis
413 2043 624 2094 aliquando
650 2045 805 2094 inspexi
830 2044 977 2095 nouem)
1013 2049 1103 2082 sunt
1129 2057 1200 2082 eae
1226 2057 1363 2083 omnes
1388 2046 1442 2082 ita
1467 2057 1571 2082 com-

187 2113 348 2161 paratae
373 2114 416 2147 ut
440 2114 575 2147 nostra
609 2108 812 2147 meliorem
844 2108 993 2147 nullam
1027 2108 1204 2147 iudicare
1239 2110 1444 2161 potuerim.
1482 2108 1571 2157 Qua

187 2186 231 2212 re
248 2178 291 2212 ut
307 2174 422 2213 decet
447 2175 644 2225 pensitata
660 2175 730 2211 uix
746 2186 770 2211 a
787 2173 901 2212 nobis
929 2175 1200 2225 expectaueris
1218 2174 1387 2212 Aci-onis
1405 2173 1570 2211 eandem

186 2240 492 2291 recognitionem
510 2239 655 2277 factam
672 2251 720 2276 ae
735 2237 1029 2290 Porphyrionis.
1064 2238 1224 2289 Vtinam
1249 2239 1367 2290 igitur
1391 2243 1459 2275 aut
1479 2237 1567 2277 aliis

185 2309 253 2343 aut
264 2304 365 2343 'mihi
382 2303 593 2355 aliquando
612 2305 813 2354 contingat
828 2307 872 2342 ut
887 2315 1011 2342 nouos
1023 2303 1151 2341 fontes
1168 2304 1389 2354 aperiamus
1405 2304 1568 2341 nostris-

186 2382 263 2422 que
290 2368 593 2418 emendatiores3
629 2368 721 2408 inde
747 2370 873 2408 omnis
900 2367 1068 2408 Acronis
1095 2368 1201 2407 salus
1227 2367 1381 2419 pendet.

269 2549 271 2551 ι
303 2500 442 2551 Itaque
479 2512 569 2537 cum
603 2512 662 2538 ex'
688 2498 839 2538 duabus
873 2499 965 2537 uitis
993 2508 1100 2549 quae·
1129 2498 1169 2535 in
1205 2496 1428 2536 Mediolana
1453 2511 1566 2550 prae-

182 2565 369 2603 fationem
404 2569 589 2602 secuntur
623 2576 742 2616 supra
777 2563 845 2602 ubi
878 2561 1038 2601 easdem
1065 2574 1116 2600 ex
1140 2562 1311 2601 Acronis
1338 2562 1474 2602 codice
1500 2562 1566 2601 de-

181 2631 356 2681 prompsi
391 2630 524 2667 uarias
563 2629 775 2680 scripturas
809 2626 1028 2665 addiderim
1054 2626 1152 2666 nihil
1177 2625 1305 2666 habeo
1331 2627 1434 2679 quod
1461 2640 1566 2665 nunc

302 2710 453 2736 nvmrr.
470 2710 568 2734 cmrr.
1218 2714 1238 2743 3
