1874 3097
289 211 341 251 40
362 203 370 206 ⁷
585 239 587 241 ,
837 210 1135 249 stnsrrxonns
1176 246 1179 248 ,

288 312 375 350 bus
409 309 557 349 habent
593 310 866 360 apertissime)
899 332 949 340 —
981 322 1021 361 p.
1053 312 1131 351 613
1164 310 1206 349 b:
1241 308 1494 360 quattuor
1508 308 1698 354 nisui..
1758 288 1770 332 ’-

286 375 434 415 habent
471 375 636 414 calentia
674 387 772 427 quos
813 374 1180 416 Commentator
1222 387 1279 413 ex
1320 374 1533 449 antiquis
1575 373 1681 415 illis
1736 369 1743 373 ’

287 442 488 494 scriptis
514 441 716 492 sequitur!
743 462 794 469 -—
1562 453 1565 456 ·
1678 450 1682 457 ·

407 507 452 546 Ρ.
478 505 556 547 265
590 518 635 546 a.
667 505 873 557 ‘Quisquis
903 505 969 545 hic
1003 505 1118 545 nobis
1147 505 1458 558 Porphyrionem
1492 506 1679 545 mentitur

287 577 395 610 certe
421 571 543 610 refert
570 571 657 610 sine
683 572 813 622 capite
839 569 1028 619 fabulam,
1064 571 1248 609 nimirum
1274 569 1412 609 eadem
1437 570 1488 609 ad
1512 559 1682 610 uerbum·

286 649 389 688 quae
415 637 465 674 in
490 637 605 675 unis
631 636 821 675 adnott.
851 635 1027 674 Bland.
1054 635 1220 684 offendi3
1247 648 1296 674 ea
1321 640 1450 673 autem
1476 648 1536 674 ex
1560 635 1678 675 aliis

285 701 449 740 tribus
483 706 673 753 quantum
698 702 807 752 potui
843 713 969 752 quae
1004 699 1437 739 desiderabantur
1469 702 1518 739 in
1544 700 1678 740 Gom·

286 771 571 805 mentatore
597 767 839 817 apposui.'
858 778 963 816 —p.
981 760 1116 805 285'a:
1142 765 1259 816 ‘quod
1287 771 1418 804 autem
1442 765 1676 815 Commen-

287 835 425 869 tator
450 830 590 870 habet:
618 829 801 869 dulcibus
830 829 1014 882 alloquiis
1040 831 1066 868 i.
1095 843 1129 868 e.
1155 828 1405 868 familiarium
1432 829 1701 885 sermonibus.-

289 901 364 935 etc.
390 909 470 935 non
510 895 645 935 dubito
678 895 776 935 illud
813 909 903 935 esse
938 896 1231 948 suppositicium
1266 897 1353 947 ipsa
1387 901 1520 935 tamen
1554 895 1680 935 uerba

287 963 525 999 omittere
542 974 633 1000 non
651 964 792 1012 potui
819 961 933 1011 quia
959 962 1005 998 in
1030 960 1185 999 tribus
1214 960 1349 999 codd.
1370 960 1547 1012 (Bland.)
1574 962 1679 1000 sine

287 1025 387 1064 ulla
412 1025 604 1063 macula
630 1024 883 1076 adscripta
909 1025 1090 1062 inueni.
1118 1024 1198 1063 Sed
1224 1026 1272 1062 in
1298 1030 1467 1075 quarto
1494 1024 1595 1064 cod.
1622 1024 1680 1064 ad

287 1092 551 1141 marginem
594 1089 753 1141 quidem
786 1089 862 1128 hoc
905 1090 1094 1141 scriptum
1129 1095 1213 1127 erat
1248 1094 1322 1127 etc.
1362 1095 1414 1128 ut
1453 1089 1589 1128 uides
1631 1091 1680 1128 in

289 1155 711 1193 Oommentatore.'
733 1176 786 1184 —
807 1167 845 1205 p.
874 1154 947 1192 587
975 1167 1016 1192 a:
1043 1153 1150 1192 ‘duo
1176 1153 1346 1192 Bland.
1375 1154 1505 1193 codd.
1531 1153 1680 1193 habent

287 1220 442 1258 auditor
474 1219 573 1258 alias
608 1219 783 1268 adiutor3
819 1219 890 1258 sed
923 1232 1083 1257 omnes
1115 1219 1172 1257 ad
1208 1223 1350 1257 unum
1383 1221 1557 1271 scripti
1588 1220 1679 1259 mei

287 1283 434 1322 habent
470 1284 572 1322 ultor
610 1284 682 1321 sed
721 1296 811 1321 cum
849 1283 1008 1321 diuersa
1047 1285 1379 1335 expositione:
1420 1285 1678 1335 antiquiss.

286 1348 458 1387 Bland.
484 1340 604 1387 habet
630 1353 709 1387 etc.
738 1348 866 1387 alius
894 1350 983 1387 etc.’

406 1414 454 1453 F.
482 1413 719 1465 Scriptorum
747 1413 950 1463 (omnium)
976 1412 1294 1451 Blandiniorum:
1319 1412 1358 1434 ¹*

407 1478 451 1517 P.
480 1478 530 1517 75
553 1477 600 1516 b:
635 1478 765 1516 ‘huius
799 1482 931 1516 autem
966 1479 1299 1533 interpretationis
1335 1483 1408 1516 etc.
1435 1477 1530 1516 mihi
1558 1491 1681 1516 causa

287 1544 397 1581 fuere
425 1544 775 1581 commentarii
800 1542 1053 1581 Blandinii
1078 1545 1120 1581 in
1147 1542 1288 1595 quibus
1311 1542 1458 1581 offendi
1479 1544 1680 1596 etc.'——p.
1718 1585 1721 1588 ⁴

251 1610 255 1614 ’
289 1608 337 1646 76
372 1622 416 1647 a:
460 1608 527 1647 'At
560 1607 948 1647 Blandiniorum
982 1608 1120 1647 codd.
1159 1614 1337 1647 uetustas
1370 1621 1449 1647 non
1484 1608 1582 1646 nihil
1617 1622 1681 1647 me

287 1678 426 1710 nutare
444 1673 564 1721 AEacit,
592 1686 798 1724 quorum
833 1672 1188 1711 adnotationes
1216 1673 1274 1723 (in
1299 1672 1389 1711 aliis
1415 1658 1522 1711 certe
1547 1674 1681 1712 incon-

288 1738 453 1789 stantes)
478 1738 544 1776 hic
569 1751 647 1776 uno
673 1751 870 1777 consensu
898 1734 949 1776 de
976 1739 1167 1776 seruitute
1197 1736 1437 1788 loquuntur.'
1464 1760 1515 1767 —
1541 1751 1579 1789 p.
1605 1738 1682 1777 229

287 1801 734 1841 bz‘Gommentator
759 1807 892 1840 autem
914 1806 995 1840 tam
1022 1803 1062 1840 in
1090 1791 1550 1854 contextu'(lemmate?)
1564 1815 1683 1854 quam

287 1868 328 1905 in
355 1868 607 1906 enarratione
632 1868 765 1919 potius
791 1866 994 1906 Acronem
1022 1872 1061 1906 et
1093 1867 1466 1920 Porphyrionem²²¹¹
1500 1866 1681 1919 uulgatus

289 1945 407 1985 quam
441 1934 650 1984 antiqua
685 1934 879 1984 scripta
914 1934 1167 1985 sequitur,
1204 1934 1404 1985 quaein
1440 1938 1681 1972 contextu

288 2003 577 2047 consonant,
600 1998 763 2037 sedin
785 1998 1315 2037 adnotatt.Blandinii
1341 1998 1544 2038 hab'ent:
1565 1997 1682 2051 Aq'yl-

287 2063 367 2102 leus
393 2065 416 2100 i.
444 2076 478 2101 e.
505 2062 675 2102 uillanus
703 2065 791 2102 etc.'
816 2086 870 2095 —
893 2077 932 2115 p.
957 2064 1034 2103 266
1060 2077 1103 2103 a:
1130 2064 1185 2102 ‘in
1215 2063 1291 2102 hac
1317 2064 1487 2103 dictione
1520 2077 1683 2103 consen-

287 2130 387 2166 tiunt
413 2128 548 2166 codd.
573 2128 745 2167 Bland.
773 2143 911 2167 uerum
937 2131 986 2167 in
1012 2129 1204 2168 adnott.
1236 2131 1422 2181 scriptum
1451 2134 1511 2167 est
1528 2132 1684 2167 etc.’—

290 2206 328 2244 p.
355 2194 432 2233 280
456 2192 501 2232 b.
529 2193 608 2232 ‘hic
634 2199 792 2232 secutus
819 2207 907 2233 sum
934 2194 1134 2233 codices
1161 2193 1338 2232 Bland.
1366 2200 1414 2233 et
1439 2194 1682 2232 adnotati-

288 2272 409 2297 ones
447 2260 532 2297 sine
558 2258 640 2297 ulla
665 2259 782 2297 litura
807 2263 875 2297 aut
909 2259 1071 2301 macula
1094 2261 1347 2311 scriptas.'
1381 2281 1434 2288 ——
1465 2272 1504 2310 p.
1532 2258 1607 2297 378
1633 2270 1678 2297 a:

289 2324 382 2375 quid
418 2326 523 2363 enim
558 2325 853 2364 Oommentator
886 2338 959 2375 per
992 2326 1145 2376 Zanyas
1191 2327 1294 2376 (eam
1329 2326 1436 2363 enim
1452 2349 1456 2354 -
1472 2324 1683 2363 dictionem

332 2438 367 2470 1*
387 2439 528 2471 Poteram
547 2439 670 2480 quidem
689 2440 764 2470 haee
783 2440 828 2471 eie
848 2450 928 2480 quae
953 2441 1095 2480 proxime
1122 2441 1301 2472 macedum&
1330 2440 1445 2472 addere
1470 2440 1525 2471 ned
1550 2439 1684 2470 consano

390 2494 512 2526 seiunxi
531 2506 590 2535 quo
610 2495 719 2526 melius
739 2496 863 2536 cingula
884 2495 998 2535 dispici
1013 2500 1135 2535 ponent
1230 2497 1269 2527 2*
1289 2497 1373 2536 Erqo
1393 2496 1427 2526 in
1448 2495 1685 2526 Commendare

388 2549 1009 2591 nondauncquaeomquiuseoeAcr.
1030 2551 1194 2590 etPorph.
1215 2551 1338 2583 acholius
1363 2561 1424 2582 non
1451 2548 1683 2581 amanda.

388 2604 540 2643 sumptim
560 2610 588 2637 et
609 2605 691 2636 idem
709 2607 803 2637 multo
823 2606 1085 2646 mopsuosactum
1109 2617 1172 2639 eece
1191 2607 1375 2640 crediderim
1395 2616 1487 2645 quam
1507 2616 1528 2635 a
1549 2604 1684 2644 cum-quio

388 2659 505 2693 diserte
528 2664 716 2692 memoratur
