1874 3097
321 214 347 251 4
873 212 1169 250 vasnonss

323 312 577 351 continebunt
591 313 851 366 copiosiorem
870 310 1134 350 subsidiorum
1151 311 1591 364 descriptionem-‘quam
1602 327 1711 366 quae

318 378 555 430 praefationi
593 377 724 428 operis
764 377 885 414 inseri
925 389 1044 427 posse
1083 375 1286 414 uideretur
1312 380 1364 414 'et
1397 378 1712 418 emendationum

325 444 554 495 specimina.
1603 434 1608 440 '

721 706 1196 756 OAPVT
1267 706 1321 754 Ι.

445 831 694 871 CODIOVM
729 844 822 882 ergo
849 831 990 882 quibus
1017 832 1073 869 uti
1098 844 1171 882 per
1196 831 1471 870 liberalitatem
1502 832 1549 870 V.
1578 832 1638 871 01.
1665 835 1713 871 A.

323 897 555 951 Bethmafnni
563 925 575 943 ,
609 895 797 947 praefecti
839 895 1103 934 bibliothecae
1134 895 1299 934 Ducalis
1341 885 1711 949 Guelpherb'ytanae

324 962 434 1000 licuit
460 966 499 999 et
525 974 621 1011 quos
659 962 775 998 etiam
803 960 1034 999 CKirchner
1067 961 1118 998 ad
1131 974 1292 1000 „nouam
1319 960 1551 999 Sermonum
1578 954 1713 1000 editio·

325 1039 416 1064 nem
439 1024 603 1063 contulit
626 1025 715 1072 (cfr.
731 1024 906 1063 eiusdem
933 1024 1096 1063 ‘indices
1115 1020 1313 1063 librorum*
1331 1030 1542 1063 msctorum
1568 1025 1713 1063 et‘edi-

325 1091 464 1129 torum’
497 1104 535 1141 p.
553 1090 669 1129 XXV
688 1094 727 1127 et
744 1089 897 1139 XXVI)
916 1088 1016 1127 alter
1034 1094 1113 1128 est:

447 1218 843 1260 PORPHYRIONIS
872 1219 957 1258 cod.
974 1223 1089 1258 niscr.
1115 1219 1377 1259 bibliothecae
1403 1220 1570 1259 Ducalis
1596 1219 1713 1259 Guel-

324 1286 595 1338 pherbytanae
623 1286 721 1335 sign.
750 1285 852 1323 Gud.
872 1285 932 1322 85.
949 1284 1015 1323 fol.
1034 1286 1127 1321 min.
1148 1284 1472 1323 membranaceus
1490 1288 1595 1333 saec.
1614 1285 1714 1323 XIII

326 1351 543 1403 (Kirchner
569 1350 736 1387 eundem
763 1349 878 1398 male,
906 1354 949 1387 ut
965 1349 1061 1387 mihi
1088 1349 1254 1398 uidetur,
1283 1349 1334 1387 ad
1361 1350 1612 1389 saeaxlm
1637 1357 1713 1389 ret-

325 1416 425 1461 tulit,
461 1414 588 1466 quode
621 1415 724 1453 infra
748 1414 863 1465 plura
889 1414 1113 1465 addentur).
1175 1414 1361 1452 Continet
1384 1411 1715 1468 autemzPorphy-

325 1482 447 1519 rionis
476 1480 777 1518 commentarios
804 1480 845 1516 in
861 1479 1089 1517 Oarminum
1115 1478 1236 1516 libros
1254 1479 1347 1527 ΗΠ,
1371 1481 1411 1516 in
1429 1479 1566 1518 Artem
1592 1481 1714 1532 poeti-

327 1559 433 1594 cam,
463 1545 632 1583 Carmen
660 1543 881 1593 saeculare,
908 1543 1081 1595 Epodos,
1110 1543 1341 1582 Sermonum
1381 1544 1501 1583 libros
1534 1544 1555 1583 I
1590 1550 1628 1583 et
1661 1545 1713 1595 ΙΙ,

327 1609 596 1661 Epistularum
634 1608 754 1647 libros
790 1608 809 1646 Ι
844 1614 884 1646 et
918 1609 978 1657 113
1020 1608 1201 1647 lacunam
1240 1614 1373 1648 tamen
1411 1609 1529 1648 habet
1566 1610 1656 1649 inde
1678 1623 1716 1648 »a

327 1677 459 1715 Oarm.
489 1675 525 1713 II
555 1676 602 1712 12
640 1687 763 1725 usque
798 1674 850 1711 ad
877 1674 921 1712 C.
948 1674 1008 1711 III
1035 1675 1069 1711 8.
1122 1674 1167 1711 In
1193 1676 1321 1725 prima
1354 1676 1500 1725 pagina
1532 1677 1715 1725 praemit-

325 1742 419 1778 titur
445 1741 526 1778 uita
552 1738 691 1778 Horati
726 1751 843 1789 quam
871 1740 1062 1789 integram
1088 1739 1191 1777 infra
1215 1740 1401 1789 ascripsi:
1436 1772 1438 1774 .

447 1869 631 1917 ‘Quintus
666 1867 854 1906 Horatius
880 1867 1048 1906 Flaccus
1083 1873 1200 1919 poeta
1225 1867 1371 1921 lyricus
1398 1867 1577 1907 libertino
1604 1873 1714 1920 patre

326 1941 440 1972 natus
466 1936 594 1985 patria
620 1935 787 1972 aenusia
814 1938 919 1972 ortus
935 1962 944 1970 .
965 1933 1127 1971 dubium
1153 1934 1297 1985 apulus*
1311 1947 1362 1971 an
1380 1934 1552 1972 lucanus
1570 1936 1714 1985 utvipse

326 2000 550 2037 confitetur:
589 2012 698 2036 nam
734 2000 993 2037 uenusinus
1017 2003 1128 2036 ,arat
1154 1999 1295 2036 finem
1322 1997 1412 2036 sub
1447 2003 1714 2049 utrumque

327 2063 540 2102 colonus
568 2064 710 2114 (Serm.
737 2064 777 2101 11
806 2065 839 2112 1,
867 2064 947 2114 35).
988 2064 1093 2101 Puer
1119 2063 1330 2112 admo-dum
1351 2076 1504 2101 romam
1531 2076 1620 2101 cum
1635 2076 1714 2114 pa-

325 2136 436 2166 rente
474 2130 659 2178 migrauit
698 2134 740 2166 ut
779 2130 863 2179 ipse
903 2128 1015 2166 dicit:
1058 2141 1224 2165 romae
1268 2129 1498 2166 enutriri⁴
1514 2127 1554 2149 ¹*
1593 2127 1713 2166 mihi

260 2202 263 2203 ’
326 2195 550 2244 contigit
577 2200 667 2245 atq:
695 2194 878 2232 doceri⁴
913 2193 1056 2245 (Epist.
1084 2193 1126 2238 Π,
1149 2194 1187 2241 2,
1214 2194 1294 2243 41).
1334 2193 1462 2241 Quem
1489 2206 1578 2231 cum
1603 2198 1715 2244 patm-

324 2261 497 2297 misisset
532 2261 572 2296 in
607 2258 742 2297 ludum
781 2258 1012 2296 litterarium
1044 2259 1290 2308 paucissimis
1326 2257 1499 2296 eruditus
1520 2259 1714 2310 impensis

323 2326 526 2375 angustias
557 2325 679 2375 patris
716 2325 810 2362 uicit
846 2325 1015 2373 ingenio.
1063 2322 1239 2361 Athenas
1274 2324 1397 2372 petiit.
1420 2324 1573 2361 iuuenis
1600 2323 1634 2362 ἀ
1658 2322 1712 2362 ibi

325 2389 665 2440 interpellantibus
693 2402 781 2427 sese
810 2387 993 2426 ciuilibus
1019 2387 1134 2425 bellis
1161 2387 1265 2425 bruti
1294 2393 1449 2426 secutus
1479 2394 1539 2426 est
1564 2393 1712 2439 partes.

324 2453 360 2491 A
380 2467 456 2504 quo
483 2453 645 2491 militiae
672 2453 893 2491 tribunatu*
914 2452 963 2474 ²*
996 2453 1205 2491 honoratus
1240 2466 1319 2491 non
1345 2458 1388 2491 ut
1413 2455 1533 2491 ceteri
1560 2454 1600 2490 in
1625 2465 1714 2504 par-

368 2603 404 2633 1*
425 2605 535 2633 nutriri
562 2614 663 2634 omnes
690 2603 806 2634 Horati
832 2603 948 2633 cadim
1040 2602 1078 2632 2*
1109 2614 1130 2632 a
1157 2603 1261 2642 prima
1287 2615 1328 2635 m.
1343 2604 1449 2644 fuisse
1468 2603 1592 2634 uidem
1618 2604 1714 2633 tribu-

425 2660 513 2689 natui
540 2663 567 2689 et
587 2660 682 2698 paulo
701 2663 769 2698 post
790 2659 893 2689 uictus
941 2680 943 2682 ·
1302 2656 1305 2658 ⁷
