1874 3097
287 215 339 253 30
519 205 523 208 ⁴
838 214 1133 251 Quns‘nmms

409 312 596 364 Denique
621 312 727 352 foliis
753 312 930 353 XXVIII
955 315 1043 353 sine
1068 314 1155 358 loco
1181 319 1221 352 et
1232 327 1358 356 anno:

518 377 629 417 ‘Auli
653 377 787 417 Haeci
812 378 927 418 Pom·
943 384 1081 431 poetas
1102 385 1320 432 satyr-amm
1345 378 1449 431 φας’

288 458 380 484 cum
407 444 568 484 scholiis
593 443 809 484 ueteribus.
851 443 1117 484 Praemissum
1142 449 1204 484 est
1227 444 1531 484 ‘Barffiolomaei
1548 445 1678 487 Pontii

289 510 541 549 Prooemium
583 510 626 547 in
659 508 840 547 Persium
881 515 1039 561 poetam
1081 510 1133 550 ad
1166 509 1420 549 Laurentium
1456 509 1692 564 Medicum?¹

289 575 338 613 In
360 575 442 614 fine
475 573 610 612 addita
641 573 813 625 epistula.
843 573 980 613 Barth.
1006 575 1138 615 Fontii
1170 574 1222 613 ad
1245 574 1451 613 Francisc.
1477 573 1680 613 Saerun

289 639 339 678 de
363 638 604 690 quibusdam
633 651 908 678 mensurarum
940 638 1144 678 uocabulis
1171 643 1211 678 et
1235 639 1351 678 Vita
1375 639 1544 678 Persii
1575 638 1680 691 (bro-

289 706 351 742 uis
377 704 428 743 ab
455 704 595 743 eodem
612 704 754 743 Fontio
779 709 824 742 ut
848 703 1005 743 uidetur
1030 705 1263 755 composita3
1303 705 1362 742 sic
1388 705 1494 743 enim
1519 705 1677 756 incipi-t:

289 769 483 807 ‘Persium
510 781 749 820 aggressum
775 769 953 819 inprimis
979 769 1247 806 necessarium
1272 770 1402 807 uisum
1428 773 1489 807 est
1509 770 1594 807 eius
1619 770 1676 806 ui-

290 839 372 872 tam
399 838 476 881 etc.
502 833 779 884 percurrere').

410 963 463 1001 Vt
479 962 640 1001 redeam
664 974 770 1001 nunc
786 961 891 1000 unde
909 961 1002 1010 abii,
1029 962 1246 1000 Patauinae
1273 962 1435 1000 editioni
1461 963 1680 1014 praemissa

289 1032 350 1066 est
373 1026 587 1078 Raphaelis
609 1026 722 1078 Regii
749 1026 913 1065 editoris
937 1026 1105 1078 epistula
1131 1040 1183 1065 ex
1206 1039 1285 1078 qua
1310 1040 1399 1066 eam
1424 1032 1578 1079 partem
1602 1039 1703 1078 qua·

290 1093 341 1131 de
358 1094 483 1143 pretio
512 1092 745 1131 scholiastae
763 1094 926 1142 eiusque
953 1093 1322 1131 commentariorum
1348 1092 1573 1131 conditione
1598 1093 1680 1143 agit

289 1157 395 1195 infra
420 1160 534 1209 posui
567 1163 611 1195 ut
638 1159 737 1196 scitu
763 1158 858 1195 satis
888 1156 1070 1207 dignam:
1106 1156 1422 1210 ‘(P0rphyri0n)‚
1458 1158 1603 1208 inquit,
1628 1158 1679 1195 -in
1712 1147 1714 1149 ¹

289 1223 493 1261 eliciendis
513 1223 806 1272 enodandisque
824 1222 1007 1260 uenusini
1025 1227 1165 1272 poetae
1182 1218 1386 1260 sententiis
1403 1227 1484 1260 tam
1511 1222 1680 1261 sollicita
1716 1219 1719 1220 ⁷

287 1289 411 1325 utitur
436 1287 640 1337 diligentia
666 1292 710 1324 ut
726 1288 849 1337 ipsius
865 1287 1136 1324 enarrationes
1163 1287 1381 1324 meridiana
1405 1286 1494 1324 luce
1519 1286 1680 1324 uidean-

288 1357 352 1390 tur
380 1351 567 1390 clariores
594 1352 789 1402 siquidem
814 1352 999 1390 historias
1022 1350 1259 1405 fabulasque
1289 1364 1337 1389 ac
1368 1351 1448 1389 alia
1471 1351 1523 1389 ad
1547 1355 1680 1402 poeta-

287 1430 377 1455 rum
398 1416 709 1456 declarationem
731 1419 960 1456 necessaria
985 1419 1041 1456 ita
1066 1417 1241 1456 breuiter
1259 1416 1505 1468 facundaque
1521 1417 1679 1467 attingit

290 1487 333 1521 ut
358 1482 457 1520 nihil
482 1495 611 1533 neque
638 1482 779 1521 deesse
804 1495 933 1534 neque
960 1496 1168 1534 superesse
1195 1483 1409 1525 existimari
1436 1483 1571 1534 possit.
1603 1481 1679 1520 Ve-

290 1561 378 1586 rum
418 1560 520 1597 quae
558 1553 616 1586 est
641 1553 782 1586 natura
808 1548 982 1587 inuidiae
1017 1549 1217 1596 fortunae,
1257 1553 1300 1585 ut
1335 1560 1491 1598 semper
1516 1547 1682 1586 melio-ra

289 1618 478 1664 pereant,
505 1613 621 1651 huius
651 1618 734 1651 tam
769 1614 916 1663 egregii
953 1612 1183 1651 litteratoris
1209 1625 1326 1663 quem
1353 1625 1425 1663 ego
1452 1611 1516 1650 uel
1542 1613 1683 1662 priscis

293 1677 475 1716 omnibus
513 1679 780 1728 grammaticis
817 1672 1118 1717 anteferendum
1143 1679 1366 1716 censuerim
1390 1675 1683 1715 lucubrationes

292 1744 332 1780 in
359 1742 567 1780 Horatium
591 1744 679 1780 siue
706 1742 957 1781 librariorum
990 1742 1233 1794 negligentia
1257 1744 1343 1780 siue
1368 1747 1587 1793 temporum
1613 1742 1684 1779 ini-

254 1809 258 1812 ”
293 1809 441 1858 quitate
467 1820 594 1859 paene
622 1809 889 1846 amiseramus.
930 1807 1007 1845 Tot
1032 1809 1135 1846 enim
1161 1808 1202 1845 in
1228 1807 1291 1846 his
1319 1796 1684 1853 extabantsss'nuana

289 1874 528 1924 transposita
551 1886 687 1912 manca
711 1879 842 1911 mata
865 1879 908 1911 ιιι
931 1886 1008 1912 own
1030 1873 1141 1911 mnodo
1165 1886 1245 1911 ηοπ
1266 1872 1431 1924 intauzqi
1453 1872 1520 1911 ssd
1543 1861 1685 1924 ne'leyi

290 1938 443 1989 quidem
474 1938 518 1976 in
549 1938 681 1976 multis
714 1937 807 1976 locis
831 1944 996 1989 possent.
1047 1937 1165 1986 Quod
1206 1937 1360 1976 scilicet
1399 1938 1524 1977 cuiuis
1563 1936 1682 1975 facile

290 2003 488 2042 constabit
523 2016 643 2054 quem
674 2016 757 2042 non
790 2002 940 2054 pigebit
972 2008 1042 2041 aut
1080 2003 1229 2042 Romae
1247 2002 1289 2025 ¹*
1326 2016 1452 2054 nuper
1489 2004 1684 2053 impressa

292 2068 496 2106 dumtaxat
534 2068 737 2107 dimidiata
779 2073 847 2106 aut
894 2069 1162 2119 manuscripta
1201 2068 1441 2118 exemplaria
1476 2080 1570 2106 cum
1604 2067 1684 2105 hac

293 2139 430 2172 nostra
464 2133 636 2172 editione
662 2134 853 2172 conferre.
905 2133 1043 2184 Neque
1069 2138 1202 2172 tamen
1228 2134 1373 2173 infitias
1400 2146 1446 2172 eo
1477 2146 1556 2172 non
1573 2131 1684 2170 nulla

295 2211 450 2249 quoque
488 2199 529 2235 in
564 2198 624 2236 his
664 2211 742 2236 non
780 2199 945 2250 pen'nde
983 2204 1101 2254 atque
1137 2200 1180 2242 ,in
1219 2199 1442 2251 archetypis
1477 2198 1683 2236 emendata

294 2265 470 2315 reperiri.
522 2263 660 2301 Diuini
688 2266 791 2301 enim
824 2264 900 2302 hoc
924 2266 1055 2315 potius
1083 2269 1189 2302 esset
1215 2277 1332 2314 quam
1358 2264 1515 2302 humani
1544 2264 1683 2302 librum

293 2329 429 2380 ubique
454 2336 637 2368 uetustate
654 2343 842 2368 corrosum
859 2330 902 2367 in
920 2336 1028 2367 tanta
1038 2330 1265 2380 praesertim
1291 2328 1562 2380 ememplarium
1580 2342 1682 2380 pau-

335 2445 375 2475 1*
396 2446 435 2475 Ni
461 2446 553 2476 fallor
580 2446 659 2478 haec
684 2446 849 2478 referenda
875 2449 950 2480 sunt
975 2445 1016 2479 ad
1044 2454 1114 2476 eam
1140 2445 1308 2481 editionem
1338 2446 1428 2478 cuius
1454 2446 1578 2480 titulum
1598 2445 1683 2477 huuc

397 2501 521 2532 exhibet
550 2502 722 2533 Mitscherl.
752 2513 784 2542 p.
814 2503 936 2533 LVIII:
969 2499 1017 2540 Ὦ.
1045 2502 1089 2532 Η.
1117 2501 1169 2532 Fe.
1197 2501 1334 2533 Odarum
1361 2501 1436 2533 libri
1460 2502 1483 2532 I
1489 2501 1520 2533 V.
1541 2500 1681 2539 Epooom

397 2555 473 2586 liber
501 2557 529 2586 Ι.
561 2568 652 2586 carm.
684 2567 761 2587 saec.
790 2562 816 2587 et
843 2557 906 2587 Ars
926 2557 1050 2596 poetica
1076 2568 1142 2587 cum
1169 2557 1388 2588 commmetoeriie
1407 2556 1537 2587 Acronie
1557 2560 1585 2587 et
1606 2557 1681 2587 Por-

394 2611 554 2651 phyrionis
585 2617 708 2643 curante
743 2612 789 2643 Io.
813 2612 938 2653 Aloysio
972 2612 1109 2644 Tuscana
1137 2616 1168 2643 et
1196 2622 1267 2642 cum
1298 2613 1438 2642 eiusdem
1470 2609 1612 2650 Epistola
1639 2612 1682 2641 ad

396 2666 593 2697 Mancinum
624 2668 748 2698 Helium
779 2668 1021 2706 Parthenopam
1051 2669 1119 2698 sine
1141 2668 1209 2698 loco
1231 2668 1377 2706 (Romae)
1398 2673 1429 2698 et
1450 2678 1532 2698 anno
1554 2665 1680 2706 (1476st
