1874 3097
278 222 328 261 28
831 223 1126 261 Qvfflmonns

398 320 513 360 Haec
548 321 643 360 satis
683 325 809 361 sunto.
848 321 971 361 Plura
1007 300 1213 362 facil-lima
1234 333 1357 373 opera
1371 308 1376 312 “
1390 321 1669 374 >unufflpaisque
1736 303 1753 345 ν’
1793 343 1801 357 x

277 384 354 423 sibi
379 399 522 437 parare
547 387 692 437 poterit
717 386 937 425 euoluendo
972 392 1012 426 et
1036 385 1306 439 peruolitando
1332 390 1516 424 noswa‘m·
1533 385 1671 425 editio-

277 463 383 489 nem.
425 450 500 490 Est
525 451 662 502 igitur,
689 455 731 489 ut
756 451 900 490 iterum
924 454 1063 504 paucis
1089 456 1266 491 nostrum
1286 450 1340 489 de
1364 449 1517 489 codicis
1542 452 1691 502 pretio·

277 514 467 554 iudicium
499 515 817 567 complectamur,
845 518 1007 557 minime
1034 520 1089 567 is,
1123 519 1189 569 qui
1215 529 1343 555 nouae
1367 515 1537 555 Acronis
1559 528 1670 554 com-

276 581 558 618 mentariorum
583 582 880 619 recensioni
905 595 977 633 pro
1003 582 1255 621 fimdamento
1282 594 1370 619 esse
1386 581 1512 632 possit
1533 577 1670 632 (talem

277 650 410 683 autem
443 658 516 684 nos
551 647 698 685 nostris
726 646 918 686 subsidiis
944 661 995 686 ne
1023 649 1220 697 potuimus
1247 646 1405 698 quidem
1429 645 1595 697 moliri);
1630 649 1672 683 at

277 715 410 749 tamen
436 724 515 750 non
541 711 748 763 indignum
774 712 982 751 habuimus
1000 718 1162 763 propter
1178 712 1322 750 multas
1343 712 1557 762 scripturas
1583 711 1670 749 sine

277 774 398 812 dubio
424 773 598 826 uulgatis
631 775 815 814 meliores
842 788 959 826 quem
985 776 1035 814 ad
1061 777 1370 827 recognitionem
1400 781 1576 814 nostram
1602 775 1670 813 ad-

277 838 515 879 biberemus.

660 1103 1136 1154 OAPVT
1196 1104 1292 1152 11.
1351 1068 1353 1070 ’

400 1230 565 1268 Praeter
599 1229 756 1268 codices
792 1242 911 1280 supra
943 1233 1179 1267 memoratos
1215 1229 1509 1281 descriptosque
1534 1231 1668 1267 nancti
1705 1279 1707 1281 Ι

278 1307 413 1333 sumus
450 1296 567 1333 etiam
602 1294 700 1333 duas
734 1292 1027 1333 EDITIONES
1064 1294 1209 1332 saeculi
1246 1294 1333 1342 XV,
1373 1295 1429 1333 ita
1464 1298 1507 1332 ut
1530 1307 1581 1332 ne
1610 1296 1667 1332 eis

278 1358 438 1410 quidem
464 1360 832 1398 commentariorum
859 1357 1034 1409 partibus
1062 1370 1159 1409 quas
1184 1360 1225 1396 in
1253 1357 1454 1397 codicibus
1473 1358 1670 1412 excidisse

279 1425 483 1475 superiore
531 1425 660 1475 capite
709 1424 915 1463 docuimus
963 1425 1069 1462 omni
1108 1424 1282 1462 subsidio
1321 1425 1454 1463 critico
1493 1424 1667 1462 destituti

278 1488 481 1528 fuerimus.
515 1488 580 1527 De
600 1489 741 1540 quibus
768 1501 874 1527 nunc
899 1501 1030 1540 pauca
1055 1488 1150 1527 mihi
1177 1488 1398 1528 enarranda
1424 1501 1513 1528 essc
1538 1488 1666 1527 uideo.

398 1619 452 1658 Et
484 1618 611 1657 altera
646 1619 804 1670 quidem
840 1624 900 1658 est
934 1619 1309 1671 Porphyrionis
1346 1619 1464 1658 editio
1498 1619 1665 1668 Patauii,

279 1688 323 1722 ut
348 1684 521 1734 uidetur,
548 1685 742 1736 impressa
769 1697 803 1722 a.
830 1684 1239 1738 MDCCCLXXXR
1267 1684 1423 1722 disertis
1450 1686 1554 1723 enim
1580 1697 1667 1722 uer-

278 1747 340 1787 bis
360 1748 400 1770 ¹*
425 1749 536 1787 locus
562 1762 640 1787 non
667 1751 893 1787 nominatus
921 1754 998 1797 est3
1031 1749 1103 1787 sed
1127 1750 1169 1786 in
1195 1749 1449 1799 praefationis
1487 1761 1557 1786 seu
1589 1750 1667 1798 epi-

281 1812 405 1852 stulae
447 1815 688 1864 praemissae
733 1814 809 1851 fine
852 1813 951 1851 haec
988 1812 1110 1852 uerba
1145 1819 1250 1852 sunt:
1291 1813 1423 1853 Vale.
1460 1813 1665 1851 Patauii

280 1878 455 1917 Idibus
481 1877 693 1929 Augusti
719 1891 756 1916 a.
783 1878 1181 1918 MCCOCLXXXL

399 2007 532 2058 Atque
569 2012 628 2046 est
662 2008 761 2046 haec
796 2008 915 2046 editio
953 2022 979 2059 p
989 2010 1032 2046 ri
1043 2021 1065 2046 o
1075 2021 1096 2047 r
1133 2022 1159 2058 p
1171 2021 1195 2046 a
1202 2022 1222 2045 r
1232 2022 1249 2046 s
1291 2010 1376 2046 eius
1410 2009 1550 2047 Horati
1589 2009 1669 2047 edi-

280 2073 396 2110 tionis
428 2074 538 2110 cuius
569 2073 764 2123 integrum
800 2072 954 2111 titulum
988 2063 1316 2114 Mitscherlichius
1351 2087 1389 2125 p.
1417 2073 1531 2112 LXII
1565 2073 1670 2112 hunc

282 2150 370 2175 esse
397 2137 514 2175 tradit
525 2151 534 2175 :
563 2137 620 2181 ‘Q.
640 2138 699 2177 H.
725 2137 787 2175 Εἰ.
815 2152 930 2189 opera
956 2139 1083 2176 omnia
1108 2151 1191 2175 cum
1208 2144 1394 2176 comment.
1423 2138 1671 2188 Amnis-per

281 2201 465 2240 Ludouic.
500 2202 547 2239 de
576 2201 808 2242 Strazarolis
845 2203 1100 2241 Tamisanum
1133 2202 1316 2253 recogniti
1344 2216 1377 2253 p
1386 2216 1408 2239 r
1415 2216 1441 2240 a
1448 2215 1467 2239 e
1474 2216 1493 2239 c
1501 2215 1520 2240 e
1529 2202 1556 2240 d
1565 2216 1584 2240 e
1592 2216 1619 2239 η
1627 2208 1642 2240 t
1650 2215 1670 2240 e

281 2267 647 2318 Porphyrionis
673 2267 724 2304 in
749 2267 961 2305 Horatii
986 2280 1134 2317 opera
1159 2280 1309 2305 comm.
1329 2280 1420 2317 per
1435 2267 1668 2318 Rapkael.

324 2391 362 2422 1*
381 2389 545 2423 ‘Venetam
571 2392 654 2422 hanc
680 2392 777 2422 habet
810 2392 980 2422 editionem
1005 2392 1119 2422 Pinelli
1143 2392 1177 2422 H
1203 2393 1264 2422 325
1295 2402 1328 2422 ιι.
1358 2393 1449 2422 4570.
1490 2392 1577 2422 Idem
1608 2395 1670 2422 sta-

383 2448 459 2477 tuit:
482 2447 708 2486 Gemeiner,
738 2447 950 2478 Nachrichten
971 2456 1034 2477 von
1055 2447 1116 2477 den
1136 2447 1168 2476 in
1190 2447 1245 2477 der
1263 2447 1422 2487 Regensb.
1449 2447 1530 2477 Bibl.
1551 2446 1670 2477 befind-

383 2501 488 2532 lichen
508 2503 655 2533 Biichern
675 2513 706 2543 p.
729 2504 799 2533 222.
821 2503 877 2533 sed
896 2503 1023 2533 Patauii
1042 2512 1158 2532 nomen
1178 2502 1298 2542 liquido
1319 2511 1499 2542 expressum
1519 2504 1671 2531 memorat

383 2557 468 2603 ΒίὶιΙ.
494 2558 659 2589 Hulsiana..
700 2558 782 2589 Vide
807 2558 973 2598 Lengnich
998 2559 1145 2597 Beitrage
1166 2561 1188 2588 t.
1217 2558 1250 2588 11
1277 2569 1309 2598 p.
1339 2557 1407 2588 102.
1441 2556 1522 2587 Grae
1546 2559 1669 2596 typogr.

382 2613 577 2643 Denkmffler
605 2623 645 2644 zu
671 2614 809 2645 Neustifl:
836 2614 870 2644 in
896 2613 984 2645 Tirol
1011 2622 1069 2644 aus
1089 2613 1161 2644 dem
1173 2613 1244 2645 XV.
1263 2612 1373 2644 salu-11.
1394 2622 1425 2652 p.
1440 2608 1514 2642 -223’
1543 2611 1669 2642 Mitsch.

384 2678 415 2707 p.
436 2668 556 2698 LXIII.
