1874 3097
790 161 1042 203 ww
1596 163 1618 202 7

301 276 583 312 ‚.m,mw,
626 262 795 307 Aliter
819 268 952 300 mare
976 251 1270 313 naufragum
1295 261 1451 303 aliter
1475 261 1618 302 homo

265 370 268 374 ,
301 366 304 378 2
378 326 650 381 naufragus
688 327 905 376 dicitur,
928 340 1056 367 mare
1096 328 1224 369 enim
1255 328 1380 369 facit
1416 327 1617 366 naufra-

380 396 514 446 gium
548 395 693 445 quasi
717 392 1077 466 nauifra-gium,
1117 397 1181 434 ut·
1217 392 1480 443 Nauiftagum
1506 393 1616 446 Scyl.

244 571 248 575 Ι
278 523 373 568 ibid.
400 486 498 564 172¹
504 522 589 566 irae
627 521 809 574 Thyesten
842 522 960 561 eoeitio
991 523 1117 574 yram?-
1166 523 1253 565 Iam
1287 523 1364 564 hoc
1397 522 1472 562 ἀπὸ
1498 537 1614 572 παρα-

378 588 569 638 δείγματος
593 588 713 625 infert
738 599 856 638 quam
872 588 925 624 ‘sit
941 588 1056 625 atrox
1070 588 1132 625 ira
1150 601 1184 626 e.
1200 600 1237 638 q.
1253 603 1284 626 s.
1303 588 1464 627 FABR.

326 653 410 697 im
438 651 811 703 170.eoe.9r.lam
844 651 920 690 hoc
952 645 1032 690 oe'mz
1053 654 1344 703 παραδείγματος
1368 653 1486 693 infert
1511 667 1615 705 pro-

380 716 503 756 bans
528 730 646 768 quam
670 718 722 755 sit
747 722 861 755 atrox
886 718 945 755 ira
972 731 1005 756 e-
1032 730 1069 769 q.
1097 732 1130 757 s.
1159 717 1273 758 COD.

280 782 302 821 1
326 783 391 831 20,
419 783 487 822 10·
527 795 611 821 mm
642 795 709 820 nec
725 782 910 833 salomae
934 789 960 821 t.
986 797 1024 820 a.
1050 796 1131 835 neq.
1148 783 1355 835 formiani.
1406 783 1485 822 Per
1509 784 1614 835 quod

378 847 573 898 significat
607 860 683 886 nec
720 846 915 886 falernum
953 849 1088 886 uinum
1127 862 1170 887 se
1204 848 1351 887 habere
1378 848 1483 900 quod
1508 849 1544 886 ei
1570 849 1611 886 in

380 924 481 951 cena
506 911 690 950 exhibeat
715 924 749 950 e.
776 924 813 962 q.
842 926 874 950 s.
900 912 1063 954 FABR.

325 990 410 1017 mea
433 976 529 1029 vaf.
559 982 586 1015 t.
603 990 642 1015 u.
671 990 707 1014 n.
726 976 768 1029 f.
821 975 953 1017 Ordo
979 982 1071 1016 est:
1099 990 1201 1015 mea
1225 976 1408 1028 pocula
1433 991 1524 1017 nec
1549 978 1613 1016 fa-

382 1041 555 1080 lernae
590 1043 722 1080 uites
749 1047 1031 1093 temperant
1056 1056 1146 1081 neo
1178 1043 1415 1081 formiani
1442 1042 1612 1082 colles.

378 1106 457 1147 Per
483 1106 588 1158 quod
615 1106 810 1158 signifieat
836 1120 870 1145 e.
897 1120 934 1159 q.
962 1120 992 1145 s.
1019 1106 1148 1147 COD.-

277 1171 298 1211 I
322 1171 386 1221 25,
415 1174 455 1212 1:
483 1172 653 1210 Parcius
670 1173 819 1210 iunctae
844 1185 878 1223 q.
896 1172 937 1223 f.
970 1172 1084 1212 Haec
1108 1172 1183 1211 ode
1209 1174 1251 1211 in
1278 1174 1527 1211 meretricem
1551 1185 1613 1210 ra-

378 1248 517 1287 pacem
536 1241 609 1274 etc.
633 1238 780 1287 scripta
807 1242 877 1274 est.
927 1237 1081 1277 lunatas
1106 1241 1237 1274 autem
1260 1236 1462 1274 fenestras
1482 1222 1614 1274 occlu—

379 1313 444 1339 sas
471 1314 504 1341 e.
532 1314 569 1352 q.
598 1315 629 1340 s.
655 1299 821 1339 FABR.

326 1365 490 1404 Parcius
515 1366 543 1404 i.
570 1379 605 1417 q.
623 1366 665 1417 f.
715 1365 829 1403 Haec
864 1365 938 1404 ode
973 1370 1048 1403 etc.
1076 1367 1225 1417 scripta
1260 1371 1331 1404 est.
1368 1365 1516 1404 Sensus
1544 1377 1612 1403 au-

379 1436 479 1469 tem:
520 1432 726 1469 iuuenes
753 1432 834 1481 qui
859 1430 975 1470 olim
1012 1430 1330 1481 frequentius
1356 1430 1612 1469 fenestras

378 1500 492 1535 tuas
519 1495 780 1547 lapidibus
806 1494 1131 1535 incessabant'
1163 1501 1216 1534 ut
1249 1497 1470 1538 excitata
1496 1508 1612 1534 som-

375 1573 435 1599 no
473 1562 650 1599 ianuas
699 1562 923 1611 aperires
965 1562 1057 1600 iam
1097 1566 1145 1599 te
1183 1560 1457 1611 neglegere
1498 1561 1614 1599 inci·

377 1626 522 1677 piunt
557 1629 604 1662 et
637 1624 826 1663 idcirco
861 1624 981 1663 haec
1015 1626 1185 1679 rarius
1210 1625 1409 1664 faciunt.
1460 1625 1615 1665 lunatas

383 1695 517 1730 autem
548 1690 743 1728 fenestras
771 1688 978 1729 obclausas
1006 1703 1040 1728 e.
1069 1702 1106 1741 q.
1133 1704 1165 1729 s.
1196 1689 1311 1730 C'OD.

278 1754 372 1794 ibid.
400 1754 596 1800 17:‚laeta
621 1755 720 1805 quod
742 1754 859 1805 pubes
883 1755 919 1792 h.
946 1768 984 1792 u.
1009 1767 1047 1805 9.
1066 1767 1112 1805 p.
1137 1767 1186 1793 m.
1204 1768 1240 1792 a.
1257 1761 1390 1806 myrto.
1415 1754 1497 1792 Per
1518 1754 1612 1792 alle-

375 1821 529 1871 goriam
560 1819 635 1858 hoo
670 1819 866 1870 significat
898 1819 1128 1858 iuuenculos
1159 1820 1332 1858 iuniores
1364 1818 1614 1859 mulierculas

380 1897 571 1935 quaerere
598 1898 631 1922 e.
659 1897 696 1935 q.
725 1897 756 1923 S.
781 1883 944 1924 FABR.

328 1948 431 1987 laeta
455 1948 556 2000 quod
573 1962 619 2000 p.
638 1971 688 1978 --
712 1954 841 2000 myrto.
873 1947 1004 1987 Ordo
1022 1953 1117 1987 est:
1144 1947 1300 1986 Laeta
1326 1947 1506 1999 quod¹*
1531 1961 1614 1999 pu-

379 2014 465 2053 bes
512 2013 697 2053 hedera
740 2015 900 2064 magis
937 2012 1157 2064 gaudeat
1193 2017 1238 2051 et
1274 2012 1414 2064 pulla
1437 2018 1613 2065 myrto3

379 2079 505 2131 quod
529 2092 601 2130 per
625 2079 854 2130 allegoriam
872 2078 949 2118 hoc
966 2079 1161 2129 significat
1179 2091 1211 2116 e.
1227 2090 1262 2129 q.
1277 2092 1308 2116 s.
1338 2078 1456 2120 COD.

277 2146 299 2186 1
322 2146 385 2195 31,
415 2146 482 2184 12:
506 2145 604 2184 uina
626 2158 718 2196 syra
741 2158 825 2197 rep.
848 2157 978 2183 merce.
1005 2143 1129 2192 Quasi
1148 2148 1386 2188 commutata
1401 2145 1495 2184 uina
1521 2157 1615 2196 syra

377 2223 510 2249 meree
536 2208 727 2249 similibus
755 2222 844 2247 esse
870 2208 969 2251 solet
995 2208 1075 2260 (1‘2)
1100 2208 1264 2250 FABR.

327 2277 424 2316 uina
446 2290 537 2328 cyra
560 2289 639 2327 rep.
664 2288 793 2314 merce.
819 2274 945 2323 Quasi
969 2279 1207 2314 commutata
1231 2275 1324 2314 uina
1349 2285 1442 2325 syra
1465 2285 1611 2312 merce.

379 2341 551 2393 Syram
576 2347 736 2381 autem
761 2353 966 2380 mercem
991 2339 1410 2391 pretiosissimam
1441 2339 1612 2389 accipe

380 2406 725 2458 quaescilicet
750 2406 797 2444 in
821 2416 1044 2455 pur-pura
1062 2408 1107 2441 et
1122 2405 1300 2454 pipere
1326 2408 1373 2444 et
1398 2416 1612 2454 unguen-

377 2473 441 2510 tis
466 2470 684 2522 aliisque
711 2469 906 2510 similibus
924 2483 1013 2509 esse
1039 2468 1139 2508 solet
1167 2468 1282 2511 COD.

276 2613 313 2644 1*
334 2614 449 2653 laetmq:
469 2613 534 2644 cod.
550 2623 613 2651 pro
633 2612 716 2642 laeta
736 2622 766 2651 q:
786 2611 810 2642 i.
831 2621 856 2642 e.
879 2612 963 2642 laeta
982 2611 1066 2651 quod
