1874 3097
782 157 790 168 ἱ
813 190 1016 229 omnem
1553 195 1602 233 47

341 293 472 346 Atque
492 292 595 350 ‘haec
620 296 752 333 omnia
776 307 854 346 quo
880 296 1039 347 saepius
1064 306 1218 333 mecum
1236 292 1422 345 ‘reputaui
1450 306 1607 345 quoque

223 359 369 402 diutius
385 359 580 411 pensitaui
598 361 936 411 responsitauique
954 373 1001 415 eo
1025 360 1157 410 magis
1183 372 1264 397 non
1279 360 1388 410 potui
1413 371 1492 397 non
1518 370 1610 397 ean·

224 424 313 463 dem
340 422 470 462 animo
496 424 706 462 informare
741 413 974 462 sententiam
1012 436 1128 474 quam
1155 428 1332 461 secutum
1360 435 1447 461 esse
1472 421 1608 461 Suria-

220 486 370 541 qarssun
395 501 514 538 supra
539 488 729 527 uidimus:
773 484 1106 527 commutatorem'
1127 489 1334 540 diliyenter
1349 495 1384 526 et
1401 488 1493 526 κιττοὶ
1510 488 1611 525 πόδα

221 553 288 592 sed
321 558 362 591 et
399 559 535 591 caute
571 553 834 607 ucmpandum
868 566 944 591 esse
977 553 1030 590 ad
1061 553 1224 591 Aeo-onis
1265 560 1300 591 et
1336 553 1612 605 Porphyrionis

222 616 366 657 scholia
399 617 644 655 emendanda.
698 617 779 656 Sed
803 618 861 655 sic
891 629 1045 667 quoque
1081 621 1175 667 quot
1200 617 1310 655 locis
1344 631 1441 655 uera
1475 631 1611 656 eorum

223 695 362 721 manus
380 681 564 719 eiusdem
588 680 779 722 beneficio
804 681 942 730 reduci
967 682 1092 733 possit
1124 686 1258 720 nostra
1292 682 1409 720 editio
1441 682 1606 721 scholio-

222 759 310 785 rum
336 744 504 788 docebit..
872 776 874 779 ,

345 810 530 858 Ceterum
545 823 626 849 non
644 810 686 847 id
702 809 896 848 contendo
913 809 1002 848 ideo
1021 823 1135 848 suum
1153 811 1458 850 Commentatori
1476 811 1606 850 locum

225 863 326 914 inter
347 862 585 913 ‘scholiastes
613 867 847 913 Horatianos
874 874 1166 925 denegandum,
1204 880 1242 912 et
1267 879 1416 913 tantum
1442 876 1490 914 ad
1519 875 1607 914 illos

226 939 491 979 emendandos
520 953 607 977 esse
633 938 920 990 usurpandum3
953 940 1022 977 sed
1047 938 1190 989 ubique
1217 944 1259 977 ut
1284 941 1420 977 tertius
1447 940 1606 989 quidam

230 1009 270 1043 et
293 1006 378 1055 ipse
395 1003 658 1042 consulendus
686 1009 764 1050 estt,
791 1005 832 1041 in
850 1016 925 1053 quo
953 1005 1125 1041 omnium
1153 1017 1286 1042 eorum
1310 1003 1522 1041 adsensum
1548 1004 1605 1042 fa-

182 1073 194 1079 ”“
226 1068 302 1108 cile
319 1068 475 1108 tulerim
492 1069 559 1120 qui
578 1068 715 1106 eodem
742 1082 830 1109 cum
847 1068 1005 1107 Acrone
1030 1073 1069 1107 et
1084 1068 1355 1121 Porphyrione
1382 1068 1608 1108 adcuratius

226 1134 529 1184 diligentiusque
547 1132 699 1171 conlato
719 1132 834 1184 quam
856 1133 981 1171 multa
993 1134 1167 1186 ‚propria
1192 1133 1337 1172 habeat
1362 1146 1487 1185 eaque
1505 1133 1611 1172 haud

204 1212 317 1248 raro
351 1198 640 1238 ‘exosculanda’
683 1199 740 1250 (ut
779 1198 943 1250 Cruquii
971 1211 1069 1238 uoce
1095 1199 1201 1251 utar)
1242 1198 1317 1238 sibi
1355 1201 1607 1251 persuaserit.

227 1257 361 1314 quare
387 1269 427 1302 et
452 1265 583 1320 ipsum
606 1269 764 1313 auctum
797 1265 854 1302 eis
880 1263 1196 1302 adnotationibus
1224 1277 1320 1314 quas
1346 1265 1495 1314 passim
1514 1264 1612 1302 Cru-

226 1330 350 1383 quius
368 1327 454 1381 >per
495 1342 585 1368 suas
626 1330 969 1382 interpretationes
1012 1342 1063 1368 ex
1106 1328 1307 1368 codicibus
1354 1330 1395 1367 in
1438 1328 1610 1368 medium

226 1394 316 1432 tulit
340 1394 381 1431 in
407 1394 724 1433 Commentatore
761 1396 927 1432 omissas
954 1394 1081 1432 denuo
1116 1394 1311 1432 edendum
1339 1407 1426 1432 esse
1450 1399 1613 1445 putaue-

229 1457 324 1506 rim,
351 1463 394 1496 ut
418 1471 552 1496 omnes
578 1458 733 1496 facilius
760 1471 878 1510 quam
904 1471 1010 1497 nunc
1044 1459 1129 1496 fieri
1163 1471 1280 1510 posse
1316 1463 1489 1508 constat,
1527 1459 1611 1497 eius

229 1525 383 1575 copiam
409 1524 484 1571 sibi
509 1526 641 1562 facere
674 1526 838 1575 possint.
889 1525 1076 1563 Fortasse
1101 1526 1175 1576 ipsi
1207 1524 1496 1580 hanc'quoque
1522 1537 1611 1575 pro-

188 1614 194 1623 1
233 1589 403 1642 uinciam
429 1588 640 1639 aliquando
667 1590 936 1641 suscipiemus.

335 1719 442 1758 quium
464 1729 503 1748 ex
522 1729 593 1749 uno
614 1719 722 1752 codice
742 1719 959 1750 adnotationes
981 1720 1189 1758 exscripsisse,
1212 1720 1301 1757 (num
1314 1719 1430 1758 ubique
1451 1728 1491 1749 ex
1505 1718 1615 1749 eodem

335 1775 488 1805 incertum
509 1775 591 1813 esse)
613 1784 728 1813 easque
754 1784 794 1804 ex
813 1774 941 1804 relicuis
962 1778 994 1804 et
1014 1774 1197 1804 emendasse
1224 1777 1257 1804 et
1275 1773 1407 1803 lacunas
1427 1774 1617 1813 expleuisse.

332 1829 403 1859 Vno
419 1830 547 1868 quidem
561 1829 631 1859 loco
645 1829 762 1859 fatetur
775 1829 930 1869 Cruquius
951 1840 985 1859 se
1005 1831 1050 1860 ita
1070 1840 1136 1859 rem
1156 1831 1275 1869 egisse:
1296 1839 1318 1868 p
1342 1831 1404 1859 264
1424 1838 1461 1860 a:
1480 1825 1617 1866 ‘eadem

331 1885 444 1923 inquit,
471 1880 559 1922 ‘quae
585 1883 618 1914 in
637 1884 708 1914 unis
732 1884 846 1915 adn-ote.
866 1884 998 1925 offendi3
1024 1895 1062 1915 ea
1082 1888 1183 1915 autem
1202 1894 1241 1915 ex
1262 1883 1335 1914 aliis
1355 1883 1451 1922 ενῦω
1466 1887 1616 1922 quanm

326 1938 419 1978 potui
441 1938 475 1969 in
501 1938 661 1970 Commeat.
689 1950 767 1978 quae
792 1939 1043 1976 desiderabantur
1069 1936 1210 1978 appomi’
1251 1939 1315 1970 Sed
1340 1940 1437 1969 nolim
1464 1939 1513 1968 his
1534 1939 1615 1969 adeo

335 1994 465 2024 multum
487 1995 573 2024 dare.
