1874 3097
817 199 1019 232 m
1122 200 1124 204 “
1468 206 1473 210 ”
1560 197 1611 237 43

225 296 518 348 Metaeetc?
538 313 597 326 >—-
631 309 671 348 p.
699 297 778 338 224
800 310 845 335 a:
879 298 943 337 hic
975 300 1017 337 in
1051 299 1250 350 antiqm'ss.
1283 298 1365 336 eod.
1392 297 1609 336 Blandis-io

225 365 402 404 otum
424 352 683 412 frequenti
709 361 905 401 litteris
929 364 1282 416 propemodum
1307 362 1497 402 deletis
1514 375 1606 401 con-

223 422 376 467 iectura
399 427 469 465 uix
493 432 696 465 assecutus
722 440 810 476 sum
835 427 933 467 haec
958 429 1082 474 uerba
1106 431 1195 467 etc.'
1215 450 1265 458 -—
1281 442 1320 480 p.
1348 429 1420 467 241
1448 427 1491 466 b:
1518 427 1603 466 'sed

224 493 266 532 in
290 497 488 531 muser-
514 491 649 530 codice
667 491 810 530 Bland.
835 493 1023 531 vetustiss.
1050 505 1108 531 ex
1134 493 1484 532 characterum
1509 492 1608 530 fru-

225 556 375 602 stulis
409 557 605 607 compen?
639 577 691 584 -—
723 569 764 606 p.
790 556 868 595 246
893 569 943 593 a:
971 556 1049 593 ‘hic
1076 570 1149 606 ego
1172 557 1383 595 lectionem
1411 557 1607 595 Graecam

226 622 268 660 in
292 619 703 659 Commentators
737 622 945 659 restitui
971 620 1130 671 quoad
1162 623 1267 660 eius
1293 621 1412 660 fieri
1442 622 1610 673 potu-it

227 699 285 724 ex
315 678 699 723 characteribus
726 685 926 723 Latinis
961 692 1045 723 aut
1079 688 1246 735 potius
1274 686 1530 725 Gothicis?
1557 708 1607 715 —-

225 764 264 802 p.
303 749 386 789 369.
412 762 455 789 a:
497 750 595 788 ‘ood.
627 750 823 788 Yon-sanus
849 749 900 788 ad
926 763 1037 788 oram
1063 752 1231 801 paginae
1257 750 1361 789 hanc
1386 751 1505 789 habet
1529 750 1606 789 ad-

226 817 537 854 notationem
561 805 945 853 breuiusculam
964 815 1050 854 sed
1076 829 1166 854 usu
1192 821 1239 855 et
1259 816 1604 855 *maculistan—

224 886 322 919 tum
348 893 442 918 non
470 880 708 918 deletam?
725 903 775 909 —-
801 880 895 918 ibid.
921 881 976 918 ‘in
1001 881 1147 919 Diuaei
1171 880 1306 919 codice
1334 883 1452 919 etiam
1485 880 1608 919 adno-

226 950 351 984 tatum
376 951 447 992 est,
473 945 602 995 quod
627 946 712 983 uix
736 945 935 983 tandem
961 958 1155 996 quoque
1181 951 1448 984 assecutus
1476 947 1603 983 sum?

224 1032 276 1039 -——
300 1023 338 1061 p.
363 1010 439 1052 426
465 1023 508 1048 a:
537 1009 687 1047 ‘uerum
713 1010 819 1048 codd.
845 1009 989 1048 Bland.
1017 1016 1091 1048 tres
1116 1011 1471 1048 minutissimis
1499 1009 1604 1047 cha-

224 1073 512 1113 racteribus
545 1073 731 1112 exhibent
755 1074 857 1112 hanc
881 1074 1172 1113 adnotationem
1200 1077 1287 1112 etc.'
1323 1097 1359 1103 -
1389 1087 1427 1125 p.
1456 1074 1531 1113 476
1558 1074 1606 1113 b:

222 1138 325 1177 ‘cod.
350 1139 495 1177 Bland.
522 1140 808 1189 antiquissimus
840 1139 959 1177 habet
984 1139 1035 1177 ad
1061 1153 1170 1178 oram
1202 1141 1372 1189 paginae
1407 1128 1608 1176 charac-

224 1208 361 1241 teres
387 1204 499 1253 ipsa
524 1203 721 1254 quidem
746 1203 904 1241 forma
930 1203 1154 1241 Graecos
1180 1204 1265 1241 sed
1291 1215 1375 1241 eos
1403 1204 1609 1253 assequi

226 1281 331 1306 cum
364 1281 606 1319 nequeam
641 1271 727 1306 etc.’
754 1291 804 1297 —
829 1282 867 1319 p.
894 1268 969 1306 498
994 1267 1040 1307 b:
1074 1268 1129 1306 ‘et
1153 1257 1227 1306 hoc
1260 1270 1389 1319 ipsum
1414 1272 1476 1305 est
1501 1267 1606 1318 quod

152 1363 160 1367 ,
226 1334 266 1370 in
284 1333 684 1372 Commentatore
705 1334 932 1383 scripsimus
952 1334 1037 1370 uix
1061 1333 1264 1371 tandem
1284 1329 1611 1370 exbarbaris—

226 1399 367 1437 simis
405 1397 791 1437 characteribus
831 1397 967 1436 codd.
1000 1397 1173 1436 Bland.
1220 1402 1413 1436 erutum
1451 1398 1612 1436 etc.'—

225 1476 264 1514 p.
289 1463 366 1502 499
391 1476 434 1501 a:
461 1463 560 1501 ‘ood.
587 1464 732 1501 Diuaei
764 1462 883 1501 habet
919 1468 1106 1513 quantum
1141 1462 1235 1500 licet
1268 1464 1527 1500 coniicere
1554 1474 1613 1499 ex

226 1517 359 1566 notis
386 1540 477 1566 usu
502 1532 549 1566 et
573 1532 828 1566 uetustate
862 1529 1032 1567 tritis.'
1058 1550 1110 1557 —
1136 1541 1176 1579 p.
1204 1527 1280 1567 535
1304 1527 1399 1567 b-et
1423 1541 1462 1580 p.
1487 1528 1563 1567 615
1588 1540 1613 1567 a

227 1593 319 1631 uide
357 1606 476 1644 supra
513 1606 603 1644 pag.
630 1593 678 1630 41
717 1614 769 1622 —
813 1607 852 1644 p.
879 1593 955 1631 582
976 1607 1029 1637 a:
1063 1593 1168 1631 ‘huic
1195 1599 1326 1631 autem
1359 1593 1518 1632 lectioni
1545 1593 1613 1631 ad·

227 1657 439 1710 stipulatur
463 1658 507 1696 in
531 1658 614 1696 cod.
643 1657 815 1696 Tomano
841 1657 1097 1696 adnotatio
1132 1662 1321 1696 tantum
1355 1663 1615 1697 uetustate

226 1736 321 1762 non
349 1723 540 1762 deleta!
563 1746 614 1753 —-
638 1723 753 1762 Addo
781 1736 831 1762 ex
857 1723 1020 1774 Oruquii
1047 1723 1222 1762 editione
1248 1722 1415 1774 Epodon
1450 1736 1486 1761 a.
1515 1722 1612 1762 1567

226 1800 266 1839 p.
294 1787 342 1826 19
367 1788 547 1839 (auctore
572 1787 798 1827 Muetzellio
824 1788 849 1826 l.
872 1787 898 1825 l.
925 1802 963 1840 p.
991 1788 1102 1839 871):
1127 1788 1212 1826 ‘has
1237 1789 1518 1839 inscriptiones
1545 1800 1612 1826 an·

227 1854 468 1903 tiquissimas
493 1855 535 1891 in
560 1853 751 1892 codicibus
775 1853 1003 1892 Blandiniis
1027 1860 1063 1892 et
1086 1853 1326 1892 Buelidiano
1359 1866 1435 1891 uno
1464 1853 1615 1891 inueni·

228 1930 332 1966 mus,‘
352 1931 472 1969 quas
490 1931 550 1957 ex
565 1918 864 1968 fragmentis
882 1918 1000 1956 hinc
1025 1917 1312 1956 litterarum
1337 1917 1486 1955 illinc
1512 1917 1610 1955 dic·

228 1983 417 2021 tionum
451 1984 583 2021 inter
615 1996 666 2021 se
699 1982 899 2021 tandem
924 1996 1098 2035 magna
1124 1996 1246 2021 cura
1271 1995 1611 2022 connexarum

229 2052 397 2086 erutas
424 2047 489 2085 hic
514 2048 820 2099 adscripsimus.'
845 2070 897 2077 —

346 2177 381 2215 Ε
428 2178 623 2215 contrario
662 2179 865 2215 rarissime
904 2182 972 2215 aut
1009 2179 1273 2227 perspicuitas
1312 2182 1381 2214 aut
1416 2175 1614 2226 elegantia

229 2243 447 2294 scripturae
473 2241 675 2291 laudatur3
713 2242 818 2293 quod
842 2255 937 2280 uero
963 2241 1027 2280 hic
1051 2241 1135 2280 illic
1163 2241 1358 2292 Cruquius
1385 2254 1472 2280 eam
1498 2252 1612 2292 prae-

229 2307 337 2346 dicat
360 2321 440 2346 non
465 2308 505 2346 id
531 2308 690 2347 fecisset
715 2308 909 2359 profecto,
945 2309 986 2344 ni
1010 2307 1109 2344 alias
1138 2309 1294 2357 saepius
1322 2319 1437 2356 quam
1466 2306 1614 2343 diserte

228 2378 419 2412 memorat
443 2374 691 2426 ‘scriptorum
717 2372 914 2413 barbariei
932 2373 1022 2411 tela’
1042 2374 1169 2424 ipsum
1188 2373 1304 2411 nimis
1328 2372 1612 2410 exercuissent.

219 2436 308 2485 'Qui
341 2439 418 2477 huo
451 2441 650 2490 pertinent
683 2439 760 2477 loci
802 2452 874 2490 per
911 2434 1033 2476 totam
1069 2438 1307 2487 farraginem
1342 2443 1429 2475 oct‘o
1464 2443 1615 2475 tantum

229 2505 406 2556 repperi:

274 2577 277 2579 “
348 2569 392 2607 P.
417 2569 493 2610 256
527 2582 566 2608 a:
602 2569 721 2606 ‘sine
755 2568 879 2607 ullis
905 2569 1078 2606 lituris
1102 2568 1393 2606 adnotatum
1429 2567 1536 2606 uidi?
1563 2589 1613 2595 —

229 2645 267 2684 p.
286 2634 363 2673 280
378 2646 421 2673 a:
440 2634 594 2673 ‘tacitus
613 2635 827 2685 praeterire
843 2646 923 2672 non
939 2634 1047 2684 potui
1068 2632 1172 2683 quod
1191 2632 1256 2670 hic
1275 2637 1321 2671 et
1346 2632 1613 2683 elegantes
