1874 3097
324 200 374 238 36
877 203 1171 242 vawlomss

377 321 383 327 -
445 299 509 338 De
522 299 788 340 FONTIBVS
802 304 1040 354 quaestionis
1050 307 1162 357 quasi
1182 279 1374 345 summam
1387 307 1600 349 ostendunt
1609 310 1713 363 qnae

326 366 523 417 Cruquius
541 368 580 404 in
600 367 782 418 Epistula
797 368 848 406 ad
867 368 1097 413 Cornelium
1122 371 1244 410 filium
1271 374 1489 423 praemissa
1515 386 1710 415 commen-

324 434 434 470 tariis
454 435 492 471 in
512 433 650 470 Artem
667 435 860 484 poeticam
886 440 1044 484 narrat3
1071 435 1158 475 ubi:
1185 436 1331 486 Quod,
1358 438 1496 489 inquit,
1522 439 1710 491 ‘nofisra'
1767 436 1771 438 ἡ

323 500 396 546 (sc.
425 512 474 535 ne
505 497 643 536 mutila
679 499 808 548 operis
845 512 998 539 summa
1032 506 1240 552 appareret
1271 501 1506 553 lectoribus3
1533 506 1710 558 ,primum

322 565 423 600 enim
452 564 673 600 instituerat
703 566 1005 602 commentarios
1025 570 1174 603 tantum
1191 566 1242 604 ad
1256 566 1417 604 Artem
1435 573 1555 618 poet.
1575 566 1709 620 edere)

319 631 381 669 ‘ab
406 630 519 668 initio
545 642 698 679 operum
723 628 1024 667 Horatiana-um
1050 630 1236 681 quidquid
1252 631 1304 669 in
1326 631 1538 683 antiquis
1562 634 1709 686 scrip·

321 697 386 734 tis
404 694 768 734 etBlandiniis
786 700 831 732 et
855 693 980 733 aliis
1006 695 1319 748 offendimus
1344 696 1470 736 lectu
1493 699 1709 751 coituque

318 768 573 810 utcumque
598 760 788 810 dignum
806 760 1037 811 adfinem
1061 774 1210 812 usque
1235 762 1608 813 descripsimus;
1633 778 1737 815 qua,

318 827 361 864 in
378 839 418 863 re
436 825 544 862 nobis
566 824 665 862 nihil
691 824 915 862 ascribimus
932 831 1091 874 praeter
1116 826 1312 864 immensos
1338 826 1536 866 diutwmos
1560 836 1707 867 noctur-

319 904 457 940 nosque
491 889 637 927 labores
671 895 705 926 et
738 890 924 938 inteyram
948 889 1092 938 fidem.³
1145 890 1253 940 Ergo
1288 904 1366 929 non
1403 904 1453 929 ex
1485 892 1706 932 Blandiniis

318 960 468 993 tantum
505 953 618 992 codd.
648 952 717 992 sed
755 954 872 991 etiam
900 965 949 991 ex
985 952 1144 992 relicuis
1172 954 1528 995 commentatorem
1563 957 1705 997 hausit.

317 1020 467 1058 Eodem
483 1020 629 1056 ducunt
639 1032 740 1068 quae
752 1021 789 1054 in
797 1017 919 1068 praef.
931 1017 982 1054 ad
992 1017 1179 1055 lectorem
1193 1019 1430 1058 beneuolum
1440 1022 1538 1061 1579
1553 1023 1711 1061 scribiti

317 1086 395 1123 ‘nec
418 1084 510 1123 ullis
526 1083 753 1122 Blandiniis
784 1083 1027 1121 Tonsanis
1059 1088 1140 1120 aut
1171 1083 1291 1122 aliis
1316 1085 1469 1136 scriptis
1491 1088 1706 1138 appositum

316 1164 448 1189 ‘nomen
483 1150 648 1187 alicuius
679 1150 858 1199 (inueni)'
890 1154 929 1185 et
955 1161 1056 1198 quae
1090 1148 1154 1185 hic
1188 1149 1269 1186 illic
1296 1151 1376 1187 suis
1413 1154 1703 1190 commentariis

316 1216 481 1254 inseruit
507 1214 557 1252 de
582 1211 972 1264 interpretationibus
990 1212 1404 1264 modofmarginalibus
1422 1215 1538 1254 modo
1555 1216 1702 1255 interli-

315 1280 502 1318 nearibus
528 1278 847 1316 Buslidianoram
873 1278 1022 1315 Diuaei
1046 1278 1231 1316 Martinii
1254 1278 1375 1317 Siluii
1396 1280 1564 1318 Toneani
1589 1281 1710 1320 codd-

316 1345 383 1383 Sic
403 1344 678 1383 Buslidianum
703 1356 820 1380 unum
846 1347 1126 1381 commemorat
1150 1355 1189 1393 p.
1217 1342 1293 1381 256
1320 1342 1379 1382 b.:
1405 1343 1482 1382 ‘hic
1508 1350 1617 1383 secta
1642 1351 1703 1384 est

314 1411 413 1448 haec
438 1409 597 1461 Epodos
624 1410 664 1445 in
700 1407 851 1445 duobus
889 1406 1003 1445 codd.
1030 1406 1169 1445 Bland.
1199 1411 1238 1445 et
1271 1408 1504 1448 Buslidiano
1530 1423 1604 1449 uno
1639 1410 1700 1449 his

314 1475 464 1514 uerbis:
496 1473 712 1512 Introducit
737 1473 1024 1525 foeneratorem
1050 1470 1276 1510 laudantem
1293 1473 1415 1511 uitam
1441 1475 1612 1524 quietam
1631 1474 1700 1513 sed

313 1545 445 1579 tamen
471 1539 713 1591 propositum
740 1550 817 1576 non
845 1537 1120 1593 deserentem’3
1148 1536 1250 1575 adde
1275 1550 1313 1588 p.
1340 1537 1415 1577 443
1437 1552 1472 1576 a.
1490 1561 1541 1567 —
1556 1540 1704 1578 Diuaei

315 1606 492 1644 codicem
529 1607 807 1642 commemorat
839 1616 877 1654 p.
905 1603 955 1640 85
981 1615 1016 1640 a.
1051 1602 1127 1641 342
1161 1601 1198 1640 b.
1225 1602 1300 1641 369
1334 1602 1371 1641 b.
1397 1604 1474 1643 403
1499 1603 1537 1642 b.
1562 1603 1638 1645 498
1664 1618 1700 1644 a.

313 1671 389 1709 499
423 1684 459 1709 a.
520 1670 704 1707 Martinii
742 1667 827 1706 cod.
862 1681 900 1718 p.
936 1668 1011 1707 312
1044 1666 1082 1705 b.
1143 1666 1264 1705 Siluii
1293 1681 1330 1719 p.
1364 1668 1440 1706 369
1477 1668 1514 1707 b.
1550 1670 1626 1708 612
1659 1669 1699 1708 b.

320 1736 488 1774 To‘nsani
520 1748 559 1786 p.
587 1736 664 1775 312
689 1734 728 1773 b.
756 1734 832 1787 369
865 1734 902 1771 b.
930 1734 1005 1772 403
1032 1733 1069 1771 b.
1096 1733 1172 1771 535
1196 1732 1235 1771 b.
1286 1733 1390 1772 Fere
1423 1734 1603 1774 omnibus
1636 1735 1699 1774 his

314 1802 411 1839 locis
439 1800 578 1838 horum
593 1799 704 1837 codd.
721 1798 995 1837 adnotationes
1013 1811 1091 1836 non
1114 1800 1154 1835 in
1170 1797 1525 1837 Commentatorem
1551 1801 1702 1852 recepit

314 1866 385 1904 sed
411 1865 570 1904 scholiis
594 1864 707 1903 codd.
726 1863 868 1902 Bland.
896 1863 1037 1902 cedere
1062 1864 1196 1911 iussit3
1223 1863 1294 1902 sed
1319 1863 1492 1902 indidem
1517 1866 1558 1902 ni
1584 1864 1700 1903 fallor

314 1935 451 1981 sponte
479 1931 654 1979 sequitur
688 1928 775 1966 aliis
802 1928 899 1965 locis
935 1927 1123 1965 editorem
1159 1927 1372 1965 eorundem
1406 1928 1518 1966 codd.
1547 1928 1700 1967 scholia

311 1996 523 2046 recepisse.
568 1994 705 2044 Neque
734 1994 942 2043 quicquam
969 1992 1132 2043 impedit
1149 2005 1225 2042 quo
1243 1994 1371 2031 minus
1388 1992 1465 2031 huc
1481 1993 1698 2032 referamus
1715 1986 1717 1989 ⁸

313 2074 379 2098 eos
406 2060 514 2098 locos
547 2058 688 2110 quibus
715 2059 763 2096 in
788 2058 1069 2095 uniuersum
1095 2070 1114 2095 e
1139 2056 1354 2095 codicum
1377 2071 1572 2096 suorum
1595 2059 1697 2098 scho-

312 2126 378 2165 liis
404 2139 442 2163 se
459 2124 787 2164 Commentatorem
813 2122 1060 2173 desumpsisse
1086 2128 1252 2160 testatur.
1292 2121 1359 2160 Sic
1386 2123 1481 2162 dicit
1505 2137 1542 2176 p.
1565 2123 1616 2163 29
1641 2137 1698 2163 a.:

308 2191 438 2228 ‘hauri
465 2202 616 2227 merum
643 2188 888 2239 quadrimum
915 2187 1023 2226 diota
1048 2187 1197 2235 sabina,
1226 2188 1402 2226 fortassis
1429 2202 1478 2226 ex
1500 2189 1696 2240 Maggano

313 2255 433 2306 (quod
450 2257 490 2292 in
509 2254 826 2293 Commentatore
845 2254 957 2303 posui
977 2266 1024 2290 ew
1040 2253 1294 2303 scriptis).’—
1306 2266 1345 2304 p.
1366 2253 1413 2292 77
1427 2253 1485 2292 b.:
1504 2254 1561 2293 ‘in
1577 2256 1696 2306 scrip-

312 2324 362 2359 tis
387 2319 695 2359 adnotationibus
721 2317 890 2366 offendi‘;
918 2322 957 2355 et
983 2317 1161 2354 similiter
1177 2330 1214 2367 p.
1232 2317 1309 2355 274
1335 2317 1392 2356 b.:
1417 2319 1443 2356 ‘.
1456 2347 1465 2356 .
1478 2347 1488 2356 .
1506 2321 1562 2357 ait
1579 2319 1696 2361 Com-

312 2392 515 2424 mentator.
577 2384 762 2422 Attamen
797 2395 914 2433 quam
949 2383 998 2419 in
1033 2381 1451 2421 adnotationibus
1485 2385 1695 2437 scriptis

311 2453 455 2499 inueni,
481 2450 588 2490 nolui
615 2449 747 2488 celare
774 2449 962 2488 lectorem
990 2461 1022 2486 e.
1050 2460 1086 2499 q.
1114 2446 1158 2485 s.’
1182 2470 1232 2476 -—
1248 2461 1285 2499 p.
1313 2447 1390 2489 280
1415 2461 1458 2488 az
1485 2449 1695 2489 'adnota-

313 2520 478 2555 tiones
515 2515 823 2553 carminibus
860 2513 1176 2564 adscriptas.'
1204 2537 1251 2541 —
1278 2527 1315 2565 p.
1343 2515 1418 2553 283
1452 2527 1496 2551 a:
1532 2515 1592 2553 ‘in’
1620 2515 1695 2554 hac

310 2581 477 2620 lectione
494 2593 570 2618 non
588 2580 823 2618 dissentiunt
839 2592 978 2617 uersus
997 2580 1145 2629 scripti,
1163 2578 1233 2617 sed
1247 2580 1293 2617 in
1306 2578 1693 2619 adnotationibus

312 2646 478 2686 habetur
505 2660 537 2683 e.
566 2658 601 2695 q.
630 2646 669 2682 s.’
691 2659 794 2695 —p.
822 2645 896 2683 309
922 2658 965 2682 a:
993 2644 1129 2682 ‘haec
1157 2646 1204 2681 in
1232 2644 1369 2682 codd.
1398 2646 1608 2696 scriptis
1635 2645 1693 2683 ad
