1874 3097
1494 211 1581 250 ‘41

195 315 289 354 sino
312 312 406 360 ullis
429 313 558 353 lituri-
587 313 721 352 inueni
745 313 796 351 in
827 310 1248 352 adnotationibus
1274 310 1471 362 Bland.)
1498 312 1587 349 ete.'

194 402 247 411 -
278 391 317 432 p.
350 378 429 420 384
460 377 508 419 b:
541 378 647 417 “nam
681 377 871 417 adnott.
900 377 1073 417 Bland.
1110 378 1334 429 exprimunt
1365 375 1409 414 το·
1444 378 1505 415 etl
1539 399 1592 406 —

194 458 234 498 p.
260 443 337 485 394
361 443 407 484 b:
434 443 489 483 ‘in
515 443 729 495 scriptis
757 442 893 482 codd.
924 442 1096 482 Bland.
1130 433 1435 494 inuenio'supra
1458 440 1503 480 τό
1530 442 1590 481 di·
1614 444 1619 449 '

195 511 292 550 uina
316 510 505 562 scriptum
528 508 720 561 cortileqa,
747 513 787 548 et
812 508 886 547 hoc
930 510 1079 547 etiam
1113 510 1161 548 in
1189 508 1589 548 Commentatore

195 574 370 622 uidere
403 576 504 614 est!
537 597 591 604 -—
623 580 663 625 p]
687 573 764 614 402
788 586 832 613 a:
870 573 945 612 ‘uel
984 575 1114 625 potius
1147 579 1191 612 ut
1226 573 1373 612 habent
1404 573 1589 612 adnott.

181 639 506 693 ,Bhlandiniae
531 633 858 677 uenerandae
885 640 1217 690 antiquitatis
1245 638 1589 690 dpapoeaeonoaqrr'p)

158 721 161 725 ·
196 704 255 734 —''
272 718 311 757 p.
331 704 416 744 424
441 717 484 744 a:
511 704 772 756 ‘praetorium
809 703 992 742 asellium
1026 704 1095 754 (ut
1120 705 1166 742 in
1192 702 1362 741 Bland.
1388 703 1589 742 adnota-

198 768 472 820 tionibus).’
503 792 533 797 —
575 782 613 820 p.
639 768 717 808 440
742 768 789 807 b:
814 768 878 807 ‘de
896 769 992 807 Iano
1018 768 1147 807 medio
1173 773 1213 806 et
1237 769 1314 807 imo
1342 773 1380 806 et
1405 781 1606 819 supremo>

198 847 300 887 quae
351 835 412 873 in
464 834 686 886 scriptis
738 832 911 872 Bland.
963 832 1141 873 sedulo
1193 834 1588 885 conquisiuimus

199 901 248 938 in
284 887 695 939 Commentatore
729 900 906 951 reponi
942 901 1249 938 curauimus.'
1281 922 1335 929 —
1366 912 1404 951 p.
1440 899 1516 937 478
1542 912 1588 938 a:

196 966 252 1004 ‘at
290 977 364 1015 ego
402 964 537 1003 malim
577 965 688 1016 sequi
727 964 1092 1003 adnotationes
1128 964 1302 1003 Bland.
1344 974 1444 1014 quae
1484 965 1588 1002 sine

197 1028 287 1068 ullis
321 1028 488 1067 maculis
522 1027 832 1068 habent'Fmius
864 1029 1078 1077 uiuaculus,
1111 1033 1162 1067 ut
1195 1030 1245 1066 in
1280 1028 1590 1067 Commenta-

196 1100 304 1134 tore
330 1093 490 1132 scribi
517 1096 841 1146 curaui.'—-p.
859 1095 935 1133 486
953 1108 998 1132 a:
1030 1094 1109 1133 ‘De
1134 1093 1293 1132 libitina
1316 1092 1420 1142 lacu,
1446 1098 1488 1131 ut
1522 1093 1590 1131 ha-

197 1159 293 1197 bent
326 1158 461 1197 codd.
485 1158 660 1197 Bland.
695 1158 754 1197 ad
787 1160 1060 1210 marginem
1096 1161 1182 1197 etc.’
1209 1180 1259 1187 -—
1284 1172 1323 1210 p.
1349 1158 1425 1196 498
1450 1157 1498 1196 b:
1538 1158 1590 1197 ‘et

197 1224 273 1263 hoc
303 1225 432 1275 ipsum
463 1228 523 1262 est
557 1224 661 1275 quod
694 1225 736 1261 in
769 1223 1172 1263 Commentatore
1198 1224 1494 1275 scripsimus
1522 1224 1591 1261 uix

198 1287 358 1326 tandem
397 1299 448 1326 ex
486 1287 774 1326 barbarissimis
812 1288 1107 1327 characteribus
1147 1287 1390 1326 Codicum
1420 1287 1589 1326 Bland.

200 1357 352 1391 erutum
377 1351 568 1390 ‘ananim'
595 1375 646 1382 -
670 1366 708 1403 p.
732 1352 808 1391 505
833 1365 878 1391 a:
904 1352 1089 1391 ‘Vmbrae
1107 1352 1350 1391 Maecenatis
1369 1353 1480 1390 fuere
1498 1352 1590 1391 Ser-

199 1417 316 1455 uilius
341 1415 503 1454 Balatro
530 1421 570 1455 et
595 1415 776 1455 Vibidius
801 1422 846 1454 ut
869 1415 1017 1455 habent
1042 1416 1231 1455 adnott.
1257 1416 1589 1455 Blandiniae!
1613 1423 1619 1428 '

199 1504 250 1511 —
270 1495 312 1532 p.
329 1482 405 1520 526
430 1481 475 1520 b:
502 1482 712 1533 ‘scripta
737 1483 901 1520 omnia
924 1481 1102 1520 Bland.
1130 1483 1191 1533 (ut
1216 1483 1263 1520 in
1284 1482 1591 1521 Commenta·

200 1551 304 1585 tore
327 1546 570 1598 scriptum
590 1558 709 1584 cern
720 1558 801 1585 ere
821 1545 964 1598 licet)
981 1546 1047 1585 hic
1064 1546 1210 1586 habent
1228 1547 1339 1585 Titus
1354 1546 1587 1598 Septimius!

197 1624 302 1662 —p.
327 1611 404 1651 530
429 1624 473 1650 a:
509 1612 598 1650 ‘nisi
632 1611 820 1651 adnott.
846 1603 1158 1651 Blandiniae
1184 1625 1248 1650 me
1287 1613 1444 1650 uarium
1478 1613 1590 1663 quasi

199 1675 291 1713 data
315 1688 436 1714 manu
460 1677 500 1713 in
526 1677 635 1713 uiam
661 1675 999 1714 reduxissentJ—
1016 1690 1054 1728 p.
1073 1677 1149 1715 532
1167 1688 1210 1715 a:
1237 1676 1344 1714 ‘dum
1372 1676 1589 1714 inciderem

199 1741 248 1779 in
274 1740 461 1779 adnott.
479 1740 778 1779 Blandinias
796 1754 897 1793 quae
921 1741 1029 1780 solae
1052 1754 1180 1780 meam
1192 1745 1366 1780 mentem
1378 1744 1589 1780 mutarunt’

198 1818 298 1856 —p.
315 1805 451 1844 535b:
476 1805 628 1856 ‘supple
655 1812 765 1853 atne,
789 1811 834 1844 ιιι
858 1807 928 1844 uix
953 1805 1114 1844 tandem
1139 1806 1180 1843 in
1206 1805 1354 1844 adnott.
1367 1805 1590 1844 Blandiniis
1610 1816 1614 1820 ·

201 1874 387 1909 excutere
412 1871 671 1922 potui.'—p.
690 1870 765 1909 548
791 1883 835 1910 a:
861 1870 923 1909 ‘in
947 1871 1177 1922 antiquis
1204 1872 1419 1923 scriptis
1445 1869 1590 1909 Blan-

200 1934 355 1975 dini‘is
381 1937 584 1988 inscriptio
611 1941 671 1974 est
696 1941 771 1975 etc.
790 1937 952 1988 insuper
976 1938 1025 1975 in
1051 1937 1266 1988 scriptis
1291 1935 1436 1988 legitur
1451 1950 1590 1975 comoe-

199 2000 362 2039 diarum·
376 2014 455 2040 non
480 2006 524 2040 ut
548 2001 653 2041 Acro
679 2002 960 2054 traqoediamm
982 2003 1170 2055 scriptor)
1195 2025 1247 2031 —-
1272 2016 1311 2054 p.
1340 2002 1416 2042 552
1441 2015 1485 2042 a:
1511 2002 1591 2041 ‘hic

200 2064 378 2117 dialogus
406 2071 468 2105 est
494 2073 682 2118 quantum
707 2067 820 2106 licuit
845 2067 1058 2107 obseruare
1095 2082 1153 2107 ex
1189 2069 1325 2107 notis
1360 2067 1589 2107 codicum

182 2122 384 2170 ‘Blande
421 2153 472 2159 —-
508 2145 548 2183 p.
583 2132 660 2171 605
696 2145 740 2170 a:
778 2131 928 2170 ‘laudat
966 2134 1093 2184 inquit
1131 2133 1505 2171 Commentator
1530 2145 1589 2170 ex

200 2196 428 2247 antiquis
455 2198 669 2248 scriptis
697 2195 1043 2249 (Bland.?)'—-p.
1063 2197 1136 2236 611
1165 2196 1209 2236 b:
1237 2197 1355 2236 ‘idem
1380 2202 1472 2235 ante
1498 2210 1589 2235 eum

200 2259 337 2298 habuit
361 2261 526 2300 Acron
552 2261 793 2313 uulgatus
819 2267 870 2300 ut
893 2261 1082 2313 patet¹*
1107 2263 1156 2300 in
1184 2262 1586 2301 Commentatore

201 2338 261 2364 ex
285 2326 509 2378 antiquis
536 2328 752 2379 scriptis
777 2326 1095 2365 Blandiniis.’
1122 2350 1172 2356 —-
1197 2341 1236 2378 p.
1263 2327 1340 2365 615
1365 2340 1409 2365 a:
1438 2326 1587 2366 ‘Com-

200 2395 446 2430 mentator
471 2391 535 2429 hic
562 2391 762 2443 Sosipatro
787 2391 1019 2430 aduersatur
1045 2391 1094 2430 de
1122 2393 1295 2442 quinque
1321 2393 1418 2430 atris
1445 2391 1587 2431 diebus

201 2467 260 2493 ex
286 2456 495 2508 scriptis
521 2455 829 2503 Blandiniis,
862 2455 929 2495 ubi
963 2455 1105 2495 lacuna
1138 2457 1278 2508 ingens
1315 2458 1589 2509 antiquitatem

244 2610 281 2640 1*
300 2610 364 2642 Hie
389 2621 506 2651 quoque
534 2612 616 2642 lom
641 2610 719 2643 eatis
744 2612 949 2652 mennombilis
968 2616 1031 2656 αις
1056 2612 1158 2650 fuitne
1178 2624 1249 2654 erqo
1269 2614 1372 2645 Aaron
1394 2616 1537 2655 uulgatus
1557 2615 1590 2646 in
1627 2623 1629 2625 ’

305 2665 401 2705 antiq.
420 2665 526 2704 script.
547 2665 686 2696 Blandd
