1874 3097
711 131 715 132 ⁷
785 129 996 186 smmum
1122 165 1125 167 >
1260 180 1263 183 ,
1467 146 1480 191 j
1525 153 1572 190 51

197 253 458 306 beret-pactis
484 254 632 304 nuptiis
657 251 812 291 filiabus
837 254 1040 305 praecepit
1074 257 1118 291 ut
1143 253 1414 290 interimerent
1438 265 1577 305 accep-

196 322 259 358 tos
293 330 478 371 sponsos3
513 316 619 369 quod
643 315 699 370 ⁴ab
736 316 915 356 omnibus
950 318 1104 356 factum·
1133 321 1193 355 est
1227 321 1503 368 praeterquam
1527 317 1578 355 ab

197 382 482 438 Hypermestra
506 379 607 433 quae
625 380 828 433 Lynceum
852 382 947 433 suga
970 382 1063 421 data
1088 373 1272 421 seruauit.
1302 381 1365 420 Ob
1391 381 1467 420 hoc
1494 395 1593 438 sce--

196 446 392 499 lus-apud
415 446 564 486 inferos
599 445 675 484 hac
701 445 883 485 dicuntur
906 459 1034 501 poena
1059 444 1267 486 damnatae
1300 452 1344 486 ut
1359 444 1512 499 'aquam
1537 448 1578 485 in
1610 456 1613 458 ’

155 560 158 562 ,
195 518 400 565 pertusum
425 510 573 551 dolium
597 512 741 562 iugiter
764 513 972 551 mitterent.
1025 511 1182 551 Puellae
1205 513 1307 552 filias
1334 512 1432 552 dixit
1456 512 1576 552 ΑΘΕ.
1618 522 1639 554 5

134 578 137 580 ’
315 577 452 615 Danai
468 590 514 628 p.
564 575 641 613 Pro
669 588 716 614 eo
743 576 846 627 quod
873 581 948 614 est:
977 576 1104 614 Danai
1131 576 1232 615 filias
1259 576 1380 616 POR.

315 641 378 680 25.
405 641 542 679 audiat
575 641 681 692 Lyde
713 653 763 679 sc.
813 640 961 679 Audiat
995 653 1072 692 qua
1103 654 1232 693 poena
1267 642 1473 680 damnatae
1500 644 1578 680 sint

197 718 298 757 quae
323 704 545 744 amantibus
572 705 752 744 crudeles
778 705 935 744 fuerunt
960 705 1079 745 ΑΘΒ.

146 821 148 823 v
317 769 454 808 audiat
486 769 592 821 Lyde
623 782 674 808 se.
699 783 737 808 a.
765 782 803 807 π.
854 769 957 807 Mira
995 771 1282 821 opportunitate
1322 770 1371 809 de
1411 783 1576 809 excessu

198 847 403 874 excessum
435 836 628 886 repperit,
665 839 704 873 et
739 839 798 873 est
831 833 991 873 sensus:
1030 835 1176 874 Audiat
1201 834 1311 888 Lyde
1345 848 1423 887 qua
1447 849 1575 887 poena
1597 826 1638 879 16

197 899 405 938 damnatae
431 900 508 937 sint
525 908 634 950 'quae
653 899 833 938 crudeles
860 899 1098 938 amatoribus
1123 900 1281 938 fuerunt
1305 900 1425 939 POR.

314 964 377 1003 26.
404 965 519 1003 inane
544 963 720 1017 lymphae
745 964 821 1004 dol.
829 964 871 1016 f.
883 978 929 1017 p.
947 966 975 1004 i.
1025 965 1145 1004 Inane
1169 964 1314 1004 dolium
1338 967 1393 1004 ita
1418 965 1576 1018 [autem]

196 1030 381 1081 figurauit
405 1034 448 1067 ut
474 1043 496 1068 e
523 1031 716 1069 contrario
734 1030 893 1082 plemam
916 1043 1010 1079 uas;
1049 1035 1087 1068 et
1120 1031 1235 1068 inane
1259 1030 1368 1069 illius
1390 1031 1449 1069 rei
1484 1030 1576 1068 dici-

196 1099 271 1147 tur²
300 1098 342 1132 ut
368 1098 406 1132 et
431 1093 658 1133 Terentius:
685 1095 793 1133 uini
818 1094 1017 1145 plenum
1042 1095 1162 1133 POR.

313 1160 375 1197 28.
401 1159 614 1210 seraquef.
654 1159 724 1198 Vt:
744 1159 785 1181 ¹*
812 1159 1031 1197 Distulit
1056 1160 1104 1197 in
1131 1173 1289 1197 seram
1315 1160 1573 1198 commissa
1596 1167 1634 1199 15

196 1222 404 1275 piacula
429 1228 633 1261 mortem
658 1222 779 1262 ΑΘΕ.

312 1301 432 1339 ser-aq.
450 1288 491 1339 f.
542 1287 676 1336 Quare
709 1301 794 1327 sera
827 1288 972 1326 dixerit
997 1289 1082 1339 ipse
1113 1301 1163 1326 ex
1189 1287 1375 1328 subiectis
1403 1287 1587 1326 ostendit

195 1352 317 1391 POR.

309 1418 371 1457 29.
396 1423 559 1455 manent.
611 1416 843 1468 Expectant.
882 1439 932 1445 —
971 1417 1085 1455 etiam
1121 1417 1189 1455 sub
1228 1416 1273 1455 O.
1325 1417 1412 1455 Non
1452 1416 1578 1455 solum

194 1482 427 1520 damnantur
460 1484 500 1520 in
534 1494 660 1533 aquae
691 1483 859 1533 penuria
889 1482 960 1520 sed
993 1483 1110 1520 etiam
1143 1481 1325 1520 infernali
1352 1483 1576 1521 cruciantur
1595 1491 1637 1524 20

193 1549 274 1599 igni
300 1547 420 1587 AOR.

310 1626 405 1664 quae
429 1619 581 1651 manent
605 1626 636 1650 c.
662 1625 692 1650 e.
719 1626 749 1650 s.
776 1612 820 1651 Ο.
846 1613 938 1663 imp.
962 1626 999 1651 n.
1018 1626 1053 1662 q.
1065 1626 1109 1663 Ρ.
1127 1626 1175 1650 m.
1227 1612 1339 1650 Bona
1363 1613 1580 1662 παράλειψις

193 1690 266 1729 per
292 1690 408 1729 quam
433 1679 650 1728 impensior
676 1677 832 1715 affectio
860 1676 1025 1714 dicentis
1053 1677 1285 1727 exprimitur
1308 1676 1431 1716 POR.

310 1744 372 1782 32.
392 1743 553 1794 perdere
569 1743 610 1793 f.
662 1743 750 1780 Non
785 1742 836 1780 ad
872 1748 1051 1780 naturam
1087 1742 1196 1779 ferri·
1219 1741 1387 1780 relatum
1412 1747 1471 1780 est
1497 1743 1578 1794 epi-

193 1807 328 1846 theton
363 1807 433 1846 sed
469 1808 519 1845 ad
554 1821 688 1846 earum
721 1809 894 1845 animum
929 1820 1029 1857 quae
1064 1807 1162 1844 dura
1196 1820 1244 1844 ac
1271 1806 1419 1845 crudeli
1447 1813 1576 1846 mente
1597 1814 1639 1846 25

198 1871 273 1911 hoc
289 1884 411 1911 ausae
429 1876 529 1921 sunt,
548 1872 662 1911 ut:²*
680 1872 816 1911 duris
843 1873 1019 1924 genuit
1044 1878 1092 1910 te
1119 1871 1350 1910 cautibus
1368 1872 1576 1910 horrens

197 1937 457 1976 Caucasus
482 1937 603 1979 ACR.

311 2002 407 2049 duro
425 2003 587 2055 perdere
603 2004 644 2055 f.
695 2003 784 2042 Non
811 2003 863 2042 ad
887 2007 1067 2042 naturam
1093 2003 1187 2041 ferri
1218 2002 1383 2041 relatum
1410 2008 1470 2041 est
1496 2005 1576 2055 epi-

276 2109 293 2137 1
320 2108 374 2137 hic
392 2108 522 2139 haberet
541 2109 622 2139 filias
642 2109 737 2146 fidet,
763 2112 797 2139 ut
815 2119 871 2139 nos
890 2108 955 2138 eod.
1037 2109 1310 2147 3-Hypermestra
1329 2107 1412 2145 libri,
1441 2109 1517 2147 (qua
1537 2108 1576 2139 dc

195 2162 254 2201 (ξίν.
284 2162 404 2203 quini
425 2163 497 2203 fab.
530 2165 589 2194 168
619 2163 667 2194 ed.
700 2163 844 2202 Mwnker)
875 2167 903 2194 et
928 2164 1026 2202 paulo
1050 2167 1120 2202 post
1145 2164 1260 2193 Linum
1287 2162 1368 2202 quod
1389 2162 1575 2194 correximus

233 2219 253 2247 ὅ
283 2227 361 2256 quae
389 2222 457 2256 pose
486 2219 541 2249 hoc
569 2223 712 2249 securatur
741 2222 884 2257 quattuor
903 2219 1010 2256 schol„
1042 2218 1075 2248 in
1104 2218 1188 2248 Edd-
1209 2218 1328 2248 turbato
1348 2217 1456 2248 ordine
1475 2219 1574 2248 conlo-

126 2277 133 2289 ·
193 2275 272 2309 cata,
293 2282 342 2302 om
372 2272 437 2303 aod.
458 2272 543 2304 Swnt·
559 2277 658 2303 autem
679 2273 770 2304 haec.-
801 2273 938 2314 Puellas]
968 2273 1067 2303 Filias
1089 2273 1176 2302 dixit.
1203 2288 1242 2294 —
1269 2272 1367 2311 Seraq
1397 2272 1484 2313 fata-1
1518 2273 1576 2303 vt:

193 2327 316 2357 distulit
335 2333 396 2359 etc.
426 2345 462 2350 -—
493 2329 628 2358 Perdere
648 2328 741 2369 ferro]
764 2329 924 2360 Occidere.
949 2346 985 2352 —
1007 2328 1087 2368 Vna]
1109 2330 1341 2367 Hypermestra.
1375 2327 1447 2359 Duo
1464 2327 1577 2367 priora

193 2385 222 2412 et
245 2386 388 2420 quartum
415 2383 537 2413 sedibus
563 2383 628 2413 cuis
647 2383 837 2414 reddidimus
856 2383 979 2414 tertium
1005 2393 1043 2413 ne
1064 2382 1229 2421 recepimus
1249 2382 1370 2421 quidem
1452 2385 1470 2414 7
1503 2388 1577 2414 sunt

190 2435 265 2467 libri
283 2438 363 2468 male
445 2439 484 2467 10
513 2439 649 2477 repperit
669 2438 734 2469 eod.
755 2439 868 2478 repetit
887 2438 962 2468 Edd
1056 2440 1091 2467 11
1127 2442 1200 2467 sunt
1217 2448 1276 2475 pro
1297 2438 1361 2467 sint
1380 2438 1460 2468 male
1480 2438 1575 2469 Febr.

235 2494 272 2522 12
293 2493 387 2523 inane
408 2493 525 2524 dolium
541 2498 613 2533 post
633 2495 740 2524 lemnw
762 2494 837 2525 add.
858 2504 896 2526 σω
917 2494 981 2525 eod.
1002 2497 1106 2524 contra
1127 2496 1232 2523 autem
1254 2503 1314 2523 mm
1323 2493 1489 2533 genuinum
1501 2498 1576 2532 puto

232 2549 272 2577 22
293 2548 471 2586 panalensis
492 2549 556 2579 cod.
578 2549 743 2589 paralipsis
764 2550 846 2580 Med.
868 2550 940 2580 Pat.
960 2557 1009 2577 πα
1030 2546 1156 2583 άλειψις
1177 2548 1273 2579 Fabr.

274 2602 311 2632 1*
332 2603 409 2634 Aen.
438 2603 484 2635 VI
504 2606 565 2635 569
647 2603 686 2635 2*
705 2604 781 2636 Aen.
802 2604 879 2637 1111
894 2607 956 2637 366

1235 2680 1274 2710 4*
