1874 3097
788 210 993 246 mmm
1534 212 1584 252 15

300 313 402 353 ainis
427 327 472 352 ια.
501 327 545 351 n.
595 312 721 352 Dirae
738 332 790 342 -—
813 314 996 353 dicuntur
1018 326 1069 353 ac
1091 314 1404 353 detestationes
1432 327 1584 353 saeua

328 410 330 412 .
350 376 646 427 maledicta&
693 377 858 429 ‘agam’
894 383 1060 418 autem
1098 391 1204 418 mmo
1242 367 1482 431 ‘persequar’
1523 381 1582 418 si-

349 442 571 493 gnificat
599 442 716 482 COD.
1211 479 1214 481 .

252 505 328 546 VII
354 506 422 545 15:
460 513 583 556 ment
612 513 650 545 ot
682 518 752 545 ora
768 505 903 558 pawn-⁷
933 507 1043 546 albus
1067 509 1143 560 ἐπῇ
1193 508 1369 560 Elegans
1396 504 1582 547 ociositas

351 573 465 622 quasi
497 571 559 610 his
585 571 719 610 uerbis
746 573 942 611 coniuncti
968 575 1145 611 steterint
1170 574 1311 613 deinde
1337 575 1581 613 conscientia

268 682 270 684 Ι
351 635 512 674 sceleris
536 635 749 687 palluerint
773 636 922 675 FABR
1290 649 1292 651 ’

299 708 421 741 tacent
446 708 481 740 et
511 701 654 740 albus
683 715 770 741 ora
800 701 974 753 pallor
1010 701 1086 754 inf.
1139 701 1311 753 Elegans
1350 705 1580 743 otiositas

351 779 388 817 q.
417 766 454 804 h.
482 780 520 804 u.
548 767 773 806 conuicti
799 767 978 805 steterint
1004 780 1037 805 e.
1064 780 1101 818 q.
1129 782 1160 806 s.
1191 768 1306 806 COD.

250 831 366 870 vnn
391 832 458 871 22:
484 838 520 870 et
544 833 707 870 imam
731 831 852 870 boues.
882 831 926 869 Id
953 836 1013 870 est
1037 830 1257 870 indomitas.
1283 832 1371 871 Non
1398 834 1456 870 sic
1482 832 1581 871 dixit

350 898 461 948 quasi
486 897 641 936 feminis
666 901 817 935 tantum
840 896 1125 948 triumphantes
1152 898 1372 936 sacrificent
1399 897 1469 936 sed
1489 899 1580 948 quia

349 968 473 1001 metro
502 963 601 1014 quid
630 964 782 1014 gratius
812 962 999 1000 feminino
1029 974 1175 1013 genere
1209 961 1330 1001 boues
1357 974 1474 1013 quam
1499 975 1579 1000 ma-

349 1027 499 1065 sculino
528 1027 719 1065 dicuntur.
758 1026 916 1066 Deinde
947 1031 989 1066 ut
1023 1027 1156 1078 Virg.:
1183 1026 1268 1066 ‘Ille
1302 1040 1412 1066 meas
1449 1040 1580 1066 errare

349 1091 470 1130 boues
502 1096 548 1130 ut
580 1091 721 1129 cernis’
764 1091 919 1142 (Bucol.
945 1091 966 1129 Ι
991 1091 1035 1142 9)
1060 1091 1226 1130 FABR.

296 1162 334 1195 st
357 1157 521 1195 intactus
545 1156 665 1195 boues.
715 1156 764 1195 Id
788 1161 849 1195 est
874 1145 1094 1195 indomitas.
1133 1156 1396 1195 Feminino
1422 1161 1580 1195 autem

309 1272 311 1274 Ι
348 1235 536 1272 genere
561 1221 716 1261 boues
750 1235 829 1260 non
864 1223 922 1260 sic
954 1222 1053 1261 dixit
1086 1223 1198 1272 quasi
1232 1222 1391 1260 feminis
1430 1226 1581 1260 tantum
1620 1223 1622 1226 ’

347 1292 396 1325 tr.
424 1302 454 1326 s.
474 1302 505 1326 s.
533 1288 624 1339 quia
649 1288 822 1326 nescio
849 1286 942 1338 quid
966 1300 1025 1338 gr.
1049 1288 1076 1325 f.
1100 1300 1138 1338 g.
1163 1285 1202 1325 b.
1227 1300 1268 1338 q.
1295 1300 1347 1325 m.
1365 1286 1403 1325 d.
1430 1286 1579 1325 Deni-

349 1366 437 1403 que
459 1357 512 1391 et
537 1354 676 1403 Verg.:
713 1352 802 1391 ‘Ille
827 1375 877 1382 —-
900 1355 1033 1391 cernis
1060 1358 1105 1391 et
1130 1352 1301 1404 ipsum'
1329 1351 1445 1410 COD:

319 1417 399 1456 Sed
430 1418 530 1456 haec
573 1430 725 1469 quoque
760 1417 964 1466 hactenus3
1006 1430 1096 1456 nam
1125 1419 1220 1456 satis
1247 1430 1442 1469 superque
1476 1430 1579 1456 com-

194 1482 364 1534 probant
389 1484 500 1533 ⁴quod
533 1496 653 1535 supra
679 1483 760 1521 dixi
785 1496 865 1521 non
890 1484 1019 1520 minus
1046 1481 1181 1521 auxilii
1208 1482 1385 1520 codicem
1408 1483 1513 1520 ferre
1538 1484 1579 1520 in

194 1547 439 1599 singulorum
460 1547 675 1587 uerborum
702 1548 974 1586 emendatione
1001 1560 1117 1599 quam
1136 1549 1176 1585 in
1193 1546 1345 1585 lacunis
1363 1547 1579 1599 explendis.

198 1612 286 1651 Hoc
310 1625 437 1651 unum*
456 1618 607 1651 tantum
632 1613 777 1651 addere
799 1614 943 1664 placet,
968 1614 1089 1651 simili
1114 1614 1265 1651 ratione
1289 1612 1387 1651 locis
1413 1612 1497 1651 fere
1522 1614 1579 1651 in·

195 1680 367 1717 numeris
394 1691 466 1730 per
491 1683 667 1720 nostrum
694 1677 871 1718 codicem
894 1677 1176 1731 Porphyrionis
1202 1679 1492 1717 commentariis
1519 1691 1580 1716 sa-

192 1743 316 1782 htem
342 1746 411 1795 {ix
434 1744 603 1783 antehac
626 1749 871 1795 expectatam
896 1745 1040 1795 parari.

315 1874 452 1912 Restat
489 1876 608 1925 igitur
647 1880 689 1912 ut
722 1874 850 1912 dicam
886 1874 935 1912 de
968 1873 1176 1912 lemmatis.
1222 1873 1436 1912 Sciendum
1459 1874 1580 1925 igitur

195 1939 295 1977 haec
335 1952 490 1991 quoque
529 1941 570 1977 in
607 1937 744 1978 codice
779 1940 833 1977 ita
865 1944 1091 1990 comparata
1125 1951 1231 1987 esse,
1267 1943 1321 1976 ut-
1343 1940 1577 1990 optimorum

195 2005 373 2043 codicum
405 2004 706 2044 Horatianorum
739 2007 954 2056 scripturae
986 2004 1215 2056 pierumque
1243 2003 1395 2042 eisdem
1420 2003 1577 2042 firmen-

195 2075 270 2118 tur,
297 2071 352 2108 ita
377 2074 419 2108 ut
436 2070 488 2108 de
503 2069 636 2108 multis
663 2070 712 2109 de
740 2069 880 2122 quibus
906 2070 1047 2108 ‘adhuc
1066 2069 1139 2108 sub
1158 2069 1286 2107 iudice
1312 2069 1360 2107 lis
1379 2069 1472 2107 erat'
1499 2070 1579 2106 iam

194 2135 453 2174 confidentius
491 2135 655 2174 iudicari
692 2149 809 2187 posse
848 2136 1040 2175 uideatur.
1091 2134 1293 2174 interdum
1326 2135 1444 2173 etiam
1476 2147 1580 2173 noua

193 2201 386 2251 quaedam
411 2201 576 2252 largitur
607 2204 764 2252 cognitu
791 2202 1031 2252 dignissima.
1084 2200 1171 2238 Hoc
1197 2212 1352 2250 quoque
1378 2204 1421 2237 ut
1446 2212 1578 2238 exem-

192 2265 268 2317 plis
293 2266 502 2316 probarem
518 2266 700 2318 exempla
726 2267 821 2306 satis
845 2265 969 2304 multa
993 2265 1095 2303 infra
1120 2265 1244 2316 posui.

243 2396 287 2435 C.
314 2396 396 2446 13,
423 2399 492 2436 2οε
532 2397 732 2435 infamis
774 2397 855 2447 (non
888 2395 1071 2445 infames)
1104 2417 1154 2422 —
1192 2394 1239 2433 21
1276 2394 1575 2444 nequiquam

294 2464 347 2512 (et
370 2455 602 2513 sic'ubique)
638 2484 687 2491 —-
712 2462 825 2511 4,,12
851 2473 973 2517 agna
1002 2482 1051 2488 -
1081 2459 1117 2507 6,
1145 2461 1170 2499 2
1205 2458 1323 2496 alite
1348 2481 1397 2487 —
1439 2459 1500 2508 12,
1527 2460 1575 2497 31

294 2527 421 2578 quod
447 2528 487 2565 si
514 2526 721 2564 uoluere
758 2527 857 2577 (cum
895 2525 1222 2575 interpretatione:
1259 2523 1377 2574 ‘quod
1411 2523 1577 2562 uoluere

291 2605 362 2643 pro
399 2590 644 2630 conuoluere’
687 2591 741 2641 [z
774 2603 891 2641 quom
923 2590 1118 2641 uoluere]3
1153 2590 1252 2628 unde
1286 2590 1391 2641 sequi
1423 2589 1577 2627 uidetur

291 2671 367 2696 ‘non
383 2671 522 2696 mecum
539 2656 781 2695 et'Meinekio
797 2655 1032 2694 scribendum
1057 2669 1133 2694 esse
1157 2669 1260 2693 cum
1286 2668 1316 2693 s.
1338 2667 1397 2704 qu
1411 2656 1500 2705 om)
1527 2676 1578 2682 —
