1874 3097
304 175 356 215 50
892 175 1104 209 smmum<

302 275 425 313 cruda
450 277 474 313 i.
503 289 537 313 e.
566 276 737 315 crudelis
765 290 814 314 ac
840 290 921 328 per.
940 277 1018 315 hoc
1035 291 1177 329 aspera
1194 281 1311 327 atque
1329 275 1492 314 horrens
1511 279 1692 316 maritum

301 339 423 379 POR.
946 350 949 352 ’

425 406 481 445 13.
512 412 553 443 tu
585 419 635 461 P(
664 406 777 457 tigres
812 419 840 443 c.
879 419 908 444 ε.
941 406 980 444 d.
1032 406 1144 445 Haec
1169 406 1221 444 ad
1252 404 1488 443 testudinem
1514 405 1696 444 dicuntur

303 471 387 509 siue
414 470 466 508 ad
491 469 733 508 Mercurium
759 469 883 509 POR.

261 539 302 577 5s
422 535 566 573 ducere.
621 534 897 574 oblectatione
925 541 1063 574 cantus
1085 548 1330 587 quocumque
1358 536 1451 573 ieris
1469 539 1510 573 te
1529 532 1692 587 sequen-

297 605 369 648 tes,
397 604 439 638 ut
464 600 603 650 Verg.:
623 600 663 622 ¹*
722 600 1026 640 Mulcentem
1063 602 1225 652 tigres
1261 605 1309 638 et
1333 604 1564 651 agentem
1590 612 1691 638 car-

298 666 428 702 mine
455 677 678 715 quercus
705 664 824 704 ΑΘΕ.
1249 655 1252 657 v

420 729 480 766 15.
508 729 616 766 cessit
640 730 667 766 i.
694 735 719 766 t.
747 729 796 765 bl.
825 729 866 767 C.
919 728 1144 779 Hypallage
1177 742 1267 766 cum
1301 730 1386 778 ipse
1420 730 1547 779 magis
1575 729 1691 772 blan-

299 792 404 830 ditus
432 793 483 831 sit
509 791 707 831 Cerberus
733 789 853 831 ΑΘΕ.

240 869 278 900 10
415 858 523 895 cessit
548 859 575 895 i.
604 864 630 896 t.
658 858 705 895 bl.
731 858 876 895 ianitor
901 871 937 896 a.
990 858 1203 908 Receptam
1238 857 1286 895 de
1328 857 1488 909 Orpheo
1514 859 1687 898 fabulam

295 927 438 960 tractat
470 935 546 974 qua
581 923 703 961 refert
737 923 855 960 etiam
894 921 1111 961 Cerberum
1147 928 1186 960 et
1223 928 1355 961 cetera
1387 924 1544 962 inferna‘
1571 929 1689 962 cantu

299 988 474 1026 citharae
501 988 622 1026 lenita
649 1002 736 1026 esse
763 988 889 1027 POR.

421 1053 480 1091 17.
511 1053 570 1091 18.
597 1059 753 1090 centum.
815 1053 986 1091 Finitum
1022 1065 1093 1102 pro
1118 1052 1282 1091 infinito.
1315 1076 1364 1081 —
1396 1054 1572 1092 muniant
1595 1068 1632 1092 a.
1660 1068 1690 1091 c.

297 1118 388 1155 eius.
441 1118 493 1156 Vt
518 1119 573 1155 ait
597 1117 835 1155 Ennius:²*
862 1119 1027 1167 angue
1053 1116 1234 1154 uillosi
1262 1118 1404 1155 canis
1430 1116 1550 1156 ACR.

240 1190 280 1221 15
423 1182 481 1219 19.
507 1182 668 1232 spiritus
694 1188 720 1220 t.
764 1181 845 1220 Aut
872 1183 1002 1233 posuit
1028 1195 1099 1232 pro
1126 1194 1279 1220 ueneno
1306 1187 1374 1220 aut
1399 1195 1470 1233 pro
1498 1184 1608 1220 sanie
1626 1194 1688 1220 ca-

298 1245 488 1284 dauerum
513 1246 632 1285 ΑΘΒ..

419 1317 529 1361 atque
562 1325 591 1349 s.
627 1317 653 1348 t.
691 1325 721 1349 s.
757 1325 805 1348 m.
833 1325 866 1349 ο.
895 1311 972 1349 tril.
1026 1310 1186 1349 Saniem
1225 1316 1292 1349 aut
1330 1311 1568 1350 cadauerum
1607 1313 1689 1362 qui-

297 1375 371 1413 bus
406 1377 581 1413 uescitur
615 1375 791 1427 intellegi
825 1376 928 1425 uult,
969 1381 1036 1414 aut
1070 1389 1141 1427 pro
1177 1377 1340 1414 uenenis
1367 1378 1498 1427 posuit
1524 1389 1624 1427 quae
1649 1377 1690 1413 in

296 1440 365 1478 illo
403 1454 490 1479 esse
523 1446 654 1492 potest
689 1442 803 1492 fingi,
841 1455 931 1479 cum
968 1443 1085 1479 etiam
1119 1441 1364 1493 serpentibus
1400 1441 1573 1479 hirsutus
1602 1453 1689 1479 esse

238 1513 277 1545 20
299 1507 471 1556 fingatur
495 1506 618 1544 POR.

418 1571 480 1609 20.
507 1584 570 1609 ore
602 1571 790 1623 trilinqui.
843 1571 977 1610 Vt:³*
1017 1570 1240 1609 latratae
1279 1583 1435 1621 regna
1473 1570 1686 1609 trifauci

298 1636 419 1675 Pers
435 1642 555 1675 onat
580 1636 700 1675 ACR.

417 1701 479 1740 21.
508 1700 601 1754 quin
626 1706 661 1739 et
685 1700 746 1739 Iae.
800 1700 929 1739 Vt:⁴*
967 1699 1129 1751 Atque
1167 1699 1365 1739 Ixionei
1400 1704 1547 1739 uento
1582 1705 1690 1739 rota

299 1767 530 1803 constitit
556 1766 698 1803 orbis
726 1765 847 1805 ΑΘΒ.

238 1835 278 1866 25
418 1829 528 1867 uultu
552 1844 585 1868 r.
613 1830 640 1869 i.
693 1829 965 1882 Extorquente
993 1829 1146 1867 cithara
1171 1829 1381 1867 dulcedine
1399 1841 1471 1866 sua
1489 1829 1592 1880 quod
1610 1835 1686 1867 tor—

296 1901 518 1934 mentorum
543 1907 672 1946 poena
698 1908 777 1934 non
806 1894 963 1934 sinebat
989 1893 1110 1935 ΑΘΒ.

414 1961 507 2012 quin
533 1966 568 1998 et
592 1960 625 1998 Ι.
657 1960 699 1999 Τ.
724 1974 762 1998 u.
788 1974 820 1998 r.
846 1960 873 1998 i.
924 1960 1052 1999 Inuito
1088 1959 1197 1997 uultu
1235 1960 1324 1997 risit
1366 1958 1577 2009 intellegas
1603 1964 1687 1997 tan-

295 2030 375 2064 tam
401 2026 525 2064 fuisse
550 2026 720 2076 gratiam
747 2030 884 2064 cantus
921 2030 964 2064 ut
990 2026 1032 2063 in
1059 2026 1263 2077 tormentis
1290 2038 1441 2077 poenae
1468 2026 1688 2063 constitutis

297 2091 508 2128 extorserit
533 2094 666 2127 tamen
692 2091 796 2129 risus
824 2089 949 2128 POR.

235 2158 276 2189 30
415 2155 475 2194 23.
502 2154 565 2193 24.
593 2154 683 2192 dum
707 2168 761 2206 qr.
789 2155 840 2193 D.
863 2168 906 2206 p.
934 2168 964 2193 c.
992 2168 1040 2192 m.
1100 2153 1230 2194 Danai
1257 2158 1351 2194 nota
1377 2152 1511 2193 fabula
1537 2158 1597 2191 est
1622 2155 1689 2205 qui

296 2221 427 2258 fratris
453 2220 628 2270 Aegypti
654 2219 805 2258 inuidia
831 2220 934 2270 quod
961 2233 1097 2257 omnes
1134 2219 1201 2257 ille
1237 2219 1357 2266 filios,
1397 2217 1498 2257 filias
1533 2218 1597 2255 hic
1622 2218 1688 2257 ha-

379 2347 414 2374 11
448 2355 529 2384 quae
549 2345 634 2376 Edd.
667 2355 730 2384 qua
750 2345 815 2375 cod.
900 2347 937 2375 12
970 2346 1108 2375 citharae
1129 2345 1198 2375 eius
1218 2344 1302 2375 Edd.
1333 2345 1401 2374 eius
1421 2354 1479 2373 om.
1501 2343 1565 2374 cod.
1650 2346 1688 2373 13

298 2399 372 2428 haec
393 2399 452 2429 duo
472 2401 562 2430 schol.
584 2410 643 2430 om.
665 2401 730 2430 cod.
816 2402 853 2430 17
886 2401 1006 2430 saniem
1028 2403 1133 2430 autem
1156 2399 1235 2428 libri.
1258 2410 1283 2429 s.
1305 2402 1361 2429 aut
1381 2409 1460 2428 corr.
1543 2399 1580 2427 19
1613 2407 1682 2428 esse

298 2464 355 2484 om.
371 2454 474 2492 Fabr„
490 2455 564 2485 add.
578 2456 646 2485 rell.
730 2456 771 2485 20
785 2455 921 2494 fingatur
943 2455 1007 2485 cod.
1023 2455 1168 2484 uideatur
1181 2454 1263 2484 Edd.
1347 2455 1386 2483 22
1401 2453 1455 2483 hoc
1468 2462 1583 2492 quoque
1596 2452 1688 2484 schol.

297 2519 355 2539 om.
378 2509 443 2538 cod.
525 2511 564 2540 28
592 2511 694 2549 gratia
714 2514 742 2540 et
764 2510 873 2541 deinde
894 2512 1024 2540 extorsit
1044 2520 1147 2540 errore
1171 2509 1261 2540 Fabr.

378 2563 416 2595 1*
449 2563 557 2604 Georgj.
579 2564 658 2595 IIII
679 2567 740 2595 509
821 2564 860 2594 2*
891 2565 988 2595 Ennii
1007 2565 1140 2605 trayoed.
1161 2565 1248 2603 reliq.
1264 2565 1387 2603 fraqm.
1409 2564 1469 2594 441
1498 2563 1546 2593 ed.
1573 2562 1688 2594 Vahlen

295 2619 335 2650 3*
356 2620 433 2650 Aen.
462 2620 506 2651 Vl
523 2622 584 2652 417
665 2621 704 2652 4*
726 2621 837 2660 Georq.
860 2621 937 2652 IIII
952 2623 1014 2652 483

1194 0 1230 9 ,..-,
1236 0 1257 7 Ὗ,
1282 0 1314 24 373,
1323 0 1568 30 ἢνῗῃππξξὲ,
1576 0 1636 19 'sz-’J
1648 0 1657 15 ᾗ
1667 0 1674 11 v.
1682 0 1687 21 Γ
