1874 3097
790 204 989 238 omnem
1536 204 1587 242 23

287 300 402 349 Fuit
417 303 526 336 sutem
553 300 638 332 idem
663 302 813 335 Horatius
838 284 960 337 sutura
985 304 1094 336 breui
1091 303 1220 344 (breuis
1240 302 1339 342 Mea.)
1366 302 1471 343 lippus
1490 302 1588 335 obeso

199 328 330 401 conpore
358 356 528 398 muudus
554 357 699 389 obscenis
725 359 864 392 moribus
887 361 936 391 ita
955 363 991 391 ut
1017 359 1163 392 cubiculo
1183 358 1345 399 speculato
1364 360 1504 389 uteretur
1524 367 1586 398 quo

179 433 183 438 ι
200 413 421 453 sementem
441 399 572 454 uideret.
612 411 713 442 Natus
733 412 779 442 VI
799 413 869 444 idus
889 414 1054 444 december
1074 413 1176 453 (sexto
1196 413 1273 443 Idus
1294 411 1469 442 decembris
1490 412 1588 452 Med.)

199 459 295 512 Cotta
314 469 347 499 et
365 456 524 508 Torquato
545 466 741 503 consulibns3
761 468 854 507 periit
876 469 1012 500 LXXVI
1035 469 1087 509 (!?)
1118 469 1233 499 aetatis
1259 477 1336 498 suae
1363 477 1447 498 anno
1473 467 1587 497 herede

198 516 370 561 Δτιμίω;
390 519 530 570 sepultus
557 521 591 551 in
616 521 788 561 Esquilinis
816 524 905 553 iuxta
927 523 1083 553 tumulum
1110 523 1313 553 Maecenatis.
1355 523 1394 552 In
1414 531 1509 562 opere
1529 531 1588 552 suo

202 575 262 615 (in
270 575 461 606 carminibus
481 574 581 619 Med.)
602 575 751 606 Alcaeum
770 577 911 607 imitatus
931 581 980 607 est
999 578 1033 607 in
1053 581 1159 616 satyra
1179 577 1344 608 Lucilium.
1375 577 1414 607 In
1433 577 1587 616 principio

171 631 348 672 emunah
367 631 416 662 sui
435 640 470 662 se
490 631 680 670 Epicureum
699 631 815 663 fitetur
839 631 911 663 eum
931 633 1058 663 beatum
1078 632 1154 663 dicit
1170 643 1225 672 pro
1238 633 1399 671 uoluptate
1415 633 1586 670 uiuentem,

199 688 236 715 ut
248 684 422 724 Vergilius:
451 682 556 715 ‘trahit
576 696 635 716 ma
653 695 798 725 qumque
816 684 967 725 uoluptas’
988 687 1113 727 (Bucol.
1134 687 1168 718 H
1188 687 1251 726 65).
1291 688 1376 727 Ergo
1395 688 1484 719 illum
1505 687 1585 717 bea-

200 742 267 769 tum
291 740 381 779 ponit
411 740 465 779 qui
495 749 534 770 ex
560 741 657 769 animi
683 741 733 770 sui
760 741 917 771 sententia
943 741 1019 771 facit
1046 751 1126 781 quae
1155 742 1240 779 uult,
1266 742 1313 771 ita
1338 733 1444 771 tamen
1469 745 1506 771 ut
1525 741 1586 771 hoe

199 795 303 838 ipsum
329 794 411 825 uelle
437 795 471 825 in
492 799 580 836 parte
609 795 783 827 honestatis
810 799 968 832 uersetur3
996 797 1066 836 ipsa
1092 798 1175 827 enim
1203 796 1349 837 uoluptas
1377 800 1409 827 et
1428 807 1585 828 summum

198 850 316 880 bonum
336 840 394 881 est.
425 868 466 873 —
495 851 614 882 Decem
646 855 678 882 et
704 861 819 882 nouem
848 852 956 882 modos
982 855 1150 883 metrorum
1175 853 1209 882 in
1230 853 1367 882 carmine
1387 862 1445 883 suo
1465 853 1582 892 posuit.

197 904 304 935 Prima
324 914 400 944 ergo
427 906 487 936 ode
507 906 687 936 monocolos
709 910 757 937 est
784 907 805 936 i.
829 915 858 937 e.
879 910 989 937 cantus
1009 907 1222 937 unimembris.
1263 908 1344 938 Nam
1365 907 1582 947 asclepiadeus

199 959 314 990 dicitur
340 960 395 999 qui
421 964 545 991 constat
570 970 611 991 ex
629 961 768 1000 spondeo
789 964 822 991 et
841 962 963 992 duobus
984 962 1169 992 choriambis
1190 965 1222 992 et
1241 962 1407 1001 pyrrichio,
1447 962 1583 992 Mettum

198 1010 317 1049 dietum
336 1023 358 1045 a
376 1017 471 1054 poeta
489 1015 675 1054 Asclepiade
702 1026 723 1045 a
741 1016 821 1056 pede
849 1016 1092 1047 choriambicum
1118 1016 1239 1047 duabus
1265 1017 1364 1046 fertur
1384 1007 1522 1046 caesuris
1536 1026 1583 1048 -ex

198 1069 415 1112 pentimemeri
441 1068 567 1100 heroica
587 1073 620 1100 et
639 1069 760 1101 duobus
780 1071 914 1109 dactylis
935 1075 990 1101 aut
1010 1081 1049 1102 ex
1069 1071 1208 1110 spondeo
1236 1074 1268 1101 et
1288 1071 1410 1101 duobus
1431 1071 1582 1101 chon'am-

198 1123 248 1152 bis
268 1127 301 1163 et
313 1112 470 1162 pyrrichio
485 1125 552 1153 siue
565 1125 670 1154 iambo
684 1129 809 1164 propter
821 1125 964 1154 ultimam
983 1125 1221 1155 indifferentem.
1262 1126 1301 1154 In
1321 1125 1454 1155 Horatio
1477 1128 1583 1155 autem

197 1168 362 1209 sciendum
382 1178 463 1210 oden
483 1188 547 1210 non
568 1179 708 1220 eclogam
730 1180 791 1211 dici
812 1180 886 1220 quia
906 1180 1017 1221 ecloga
1036 1180 1167 1221 Vergilii
1187 1180 1401 1211 bucolicorum
1421 1183 1479 1212 est.
1504 1180 1582 1211 Ero·

198 1234 261 1264 tice
287 1235 454 1270 amatoria
485 1237 676 1274 pragmatice
706 1236 736 1275 [i.
759 1236 832 1266 add.
854 1236 949 1276 Med]
978 1237 1155 1271 causatiue3
1183 1236 1382 1274 hypothetice
1405 1235 1448 1275 [ἱ.]
1475 1245 1582 1275 perso-

197 1288 326 1324 naliten
352 1289 528 1328 paranelice
556 1289 600 1330 [ἱ.]
632 1290 864 1329 interpositiue3
897 1290 1138 1330 prosphonetice
1167 1289 1209 1330 [i.]
1241 1290 1478 1326 exclamatorie3
1512 1300 1583 1330 pro-

198 1345 316 1374 seutiee
338 1343 381 1385 [ἱ.]
404 1345 624 1384 deprecatorie.
646 1355 758 1385 paean.
779 1346 956 1385 proseutice
971 1345 1014 1385 [i.]
1037 1345 1196 1376 laudatiue
1218 1349 1250 1375 et
1270 1346 1494 1385 deprecatorie.
1513 1347 1582 1377 Μο-

198 1399 327 1428 nocolos
358 1401 407 1427 est
436 1401 580 1437 quotiens
606 1400 665 1428 ode
693 1409 756 1428 uno
788 1404 887 1428 metro
913 1401 981 1429 sine
1011 1400 1140 1428 alterius
1171 1400 1362 1429 admixtione
1383 1401 1500 1438 scripta
1519 1404 1581 1435 est;

198 1453 317 1484 dicolos
338 1456 386 1484 est
405 1453 464 1484 ode
485 1463 566 1494 quae
588 1454 709 1483 duobus
730 1454 837 1484 metris
858 1454 974 1493 scripta
995 1453 1062 1493 (om.
1082 1453 1178 1493 Med.)
1193 1456 1256 1490 est;
1277 1453 1404 1484 tricolus
1421 1454 1474 1485 uel
1487 1458 1581 1485 tetra-

198 1508 283 1539 colos
303 1509 336 1538 in
357 1518 420 1547 qua
440 1512 512 1547 post
532 1509 609 1538 duos
630 1512 685 1538 aut
703 1512 766 1546 tres
783 1518 896 1538 uersus
909 1510 973 1538 alia
985 1509 1182 1539 inchoantur.
1202 1497 1338 1539 Mettum
1351 1509 1583 1548 asclepiadeum

200 1561 284 1602 quod
304 1562 426 1592 constat
447 1571 487 1592 ex
507 1563 645 1602 spondeo
667 1566 699 1592 et
719 1563 840 1593 duobus
867 1562 1054 1593 choriambis
1075 1565 1109 1593 et
1128 1563 1284 1602 pyrrichio
1305 1563 1364 1593 ita:
1392 1562 1505 1593 Maece.
1525 1573 1582 1593 πα-

195 1617 326 1648 satoeuz's.
354 1617 587 1658 editore.qibus‚
620 1618 687 1648 siue
718 1618 809 1648 aliter
841 1627 881 1648 ex
909 1618 1048 1657 spondeo
1079 1617 1206 1656 dactylo
1237 1627 1370 1648 caesura
1399 1621 1431 1648 et
1461 1618 1583 1649 duobus

196 1672 329 1710 dactylis
349 1672 409 1701 ita:
431 1672 545 1702 Maece.
559 1676 680 1702 nasuta.
693 1671 752 1701 uin.
767 1672 998 1711 edite-regibus.
1020 1673 1116 1702 etiam
1136 1673 1231 1712 (quae
1245 1672 1342 1711 Med.)
1362 1674 1486 1702 scansio
1507 1673 1583 1703 dici-

196 1728 248 1757 tur
269 1735 309 1756 ex
327 1729 441 1766 pentra
461 1727 690 1766 (pentimemeri
710 1726 809 1766 Med.)
836 1726 962 1757 heroica
981 1730 1015 1757 et
1034 1727 1157 1757 duobus
1178 1723 1333 1766 dactylis?
1370 1763 1372 1765 ι

315 1855 428 1894 Haec
467 1868 622 1908 quoque
657 1858 834 1907 quamuis
874 1861 1059 1908 corrupta
1098 1861 1137 1894 et
1174 1856 1363 1896 lacunosa
1401 1859 1582 1897 omittere

199 1921 318 1962 nolui.
371 1921 491 1962 Plura
529 1922 578 1961 de
617 1926 780 1973 utraque
815 1924 898 1961 uita
924 1927 963 1961 et
988 1922 1038 1962 de
1071 1921 1230 1961 relicuis
1266 1936 1366 1975 quae
1404 1923 1584 1962 feruntur

143 2037 146 2044 Ι
196 1987 286 2036 (cfr.
310 1987 510 2027 Kirehner
543 1988 568 2025 l.
603 1987 647 2038 l.)
681 1988 776 2025 alibi
806 2001 996 2038 promam.
1046 1987 1165 2026 Haud
1201 1990 1285 2026 sine
1320 1989 1450 2027 fructu
1482 2001 1583 2038 quae

198 2051 304 2104 apud
330 2052 548 2104 Cruquium
573 2052 757 2104 leguntur
782 2053 890 2092 hisce
916 2053 1178 2094 conferentur.

318 2181 582 2225 Transeamus
617 2196 722 2222 nune
756 2183 805 2221 ad
840 2183 1001 2224 relicua.
1039 2205 1090 2211 —-
1124 2183 1255 2235 Atque
1294 2184 1461 2235 primum
1487 2185 1582 2222 scri-

194 2247 316 2286 bendi
340 2250 441 2287 ratio
467 2251 508 2286 in
534 2255 668 2288 nostro
687 2249 823 2288 codice
840 2249 1071 2299 plerumque
1091 2254 1151 2287 est
1168 2248 1232 2287 uel
1249 2250 1418 2287 maxime
1437 2262 1580 2299 praua3

196 2314 255 2353 sic
274 2319 421 2353 temere
449 2317 667 2354 sexcenties
695 2317 795 2354 inter
821 2329 864 2353 se
889 2319 1087 2353 mutantur
1113 2328 1169 2362 ae,
1195 2327 1226 2361 e,
1251 2314 1279 2360 i,
1301 2328 1328 2363 y
1345 2314 1443 2365 -—f‚
1456 2314 1514 2365 ph
1531 2337 1582 2343 —

195 2393 227 2428 c,
253 2386 268 2418 t
291 2403 343 2408 —
365 2380 405 2429 d,
431 2387 464 2419 tt
490 2404 541 2409 —
565 2382 663 2420 Lide
686 2369 801 2421 Cirtae
823 2381 989 2420 Eric-ina
1015 2386 1161 2430 troycus
1180 2378 1291 2429 inri
1316 2379 1460 2427 Phidia
1477 2381 1581 2418 *nim-

192 2445 266 2497 phe
294 2468 344 2475 -
365 2446 470 2496 phas
493 2447 636 2498 nephas
654 2447 898 2498 prophmnum
916 2446 1102 2498 *aph-icus
1119 2467 1169 2474 -—
1196 2445 1340 2483 aicium
1355 2446 1581 2485 canicies—

194 2511 310 2550 uelud
330 2511 460 2564 capud
484 2533 536 2540 —
568 2500 837 2563 quamquam,v
856 2512 897 2550 id
923 2511 1026 2562 quod
1051 2523 1131 2548 non
1157 2510 1412 2560 reticendum,
1439 2513 1479 2550 in
1507 2513 1581 2550 eis-

195 2577 285 2616 dem
311 2576 473 2617 uocibus
499 2591 577 2616 non
603 2577 748 2629 ubique
774 2583 977 2634 peceatum
1002 2581 1074 2617 est.
1102 2577 1225 2616 Porro
1243 2577 1375 2617 littera
1391 2577 1416 2616 h
1433 2583 1581 2616 temere

194 2648 262 2682 aut
287 2646 475 2683 omittitur
499 2649 561 2684 ut:
585 2645 890 2696 yper-cabalaam,
914 2656 1038 2694 yemw
1064 2639 1233 2682 caribdis
1258 2650 1366 2682 carta
1391 2643 1506 2681 corda
1523 2656 1580 2680 co-
