1874 3097
822 199 1026 237 cm
1203 236 1205 238 .
1563 203 1615 241 25

174 274 175 278 Ἰ
236 332 239 337 2
278 301 349 353 24,
374 301 429 344 15-
454 302 626 354 sanwic.
678 302 780 342 Vita.
831 303 1049 355 vergilius:
1090 302 1359 354 [Purpuream
1390 302 1513 341 uomit
1550 301 1619 341 ille

236 402 238 405 r
276 425 291 470 s
331 380 672 484 &view-Modo
710 432 865 484 corpori
903 437 946 471 ut
979 432 1191 485 Vergilius]
1227 433 1269 471 in
1302 432 1385 471 1111
1417 431 1618 471 Aeneidos

281 560 322 599 Π
346 509 542 600 ὅθὰιῗᾶοῖ..
563 559 724 599 Insulae
735 565 841 598 -sunt
857 559 1075 611 Hispaniae
1094 562 1147 611 [in
1163 559 1302 600 ultima
1317 566 1430 613 parte
1451 559 1616 600 Oceani.

333 623 574 665 Cantabrum.
602 623 791 664 Cantabri
816 637 915 676 gens
934 624 1162 677 Hispaniae]
1191 627 1275 665 siue
1295 626 1448 676 Galliae
1475 640 1509 665 e.
1529 639 1567 678 q.
1585 640 1616 665 s.

147 703 160 713 ·
231 693 234 695 ’
279 689 361 729 ΑΓΕ
386 696 489 741 poet.
515 690 586 730 98:
611 691 648 729 εἰ
672 696 780 729 curat
803 704 867 730 eor
893 691 1108 742 [spectantis
1133 692 1295 742 tetiqisse
1320 692 1480 743 querela.
1515 691 1559 730 Si
1575 692 1617 729 id

383 757 466 806 agit
489 760 532 794 ut
558 760 818 807 spectatorem
844 756 939 794 flere
965 759 1099 808 cogat3
1130 756 1194 794 hic
1219 770 1358 795 uersus
1385 763 1423 795 et
1449 770 1615 808 sequen·

383 821 487 860 tibus
512 822 622 872 iungi
646 826 787 873 potest.
840 821 884 860 si
909 835 972 860 me
1007 821 1093 860 uult
1126 822 1283 861 flectere
1302 823 1361 862 ad
1395 824 1616 861 misericor·

383 885 489 924 diam
515 886 685 937 deponat
702 885 806 924 elata
823 885 956 924 uerba.
1002 886 1093 937 Cor]
1118 888 1222 925 enim
1249 900 1282 925 e.
1311 900 1347 938 q.
1375 901 1404 925 s.

237 975 240 979 ·
285 950 377 990 150:
405 956 441 989 et
469 963 564 1002 quae
596 950 782 1002 [desperat
806 955 970 990 tractata
994 951 1170 990 nitescere
1187 964 1301 1002 posse
1324 951 1515 1003 relinquit.
1569 950 1617 989 Id

304 1034 307 1038 ·
365 1063 367 1065 Ι
384 1020 445 1054 est
459 1014 595 1061 bonus„
611 1022 728 1067 poeta
752 1015 937 1066 relinquit
962 1030 1010 1055 ea
1026 1017 1139 1067 quae]
1157 1016 1325 1067 'placere
1341 1030 1420 1055 non
1438 1019 1616 1067 possunt,

384 1079 459 1117 hoc
486 1085 556 1128 est,
583 1082 771 1132 praeterit
796 1093 844 1119 ea
870 1093 970 1131 quae
996 1082 1035 1119 in
1067 1086 1236 1119 tractatu
1264 1083 1419 1132 ingrata
1444 1086 1545 1118 sunt.

284 1145 381 1185 208:
408 1151 612 1197 postquam
645 1147 765 1197 coepit
789 1160 900 1198 ayros
925 1159 984 1185 eoe.
1010 1160 1049 1184 a.
1076 1159 1106 1184 e.
1132 1146 1271 1185 wrbe‘m.
1322 1146 1370 1185 Id
1401 1151 1481 1185 est:
1506 1144 1618 1184 Post-

385 1222 502 1261 quam
539 1211 717 1263 [uictoria
742 1213 950 1262 occupauit
983 1211 1125 1250 multas
1151 1213 1450 1250 ciuitatesnata
1478 1216 1537 1250 est
1559 1210 1618 1249 lu·

384 1276 509 1313 xuria.

334 1340 495 1392 uinoque
519 1340 669 1379 dimo.
704 1340 808 1388 Quia
834 1340 973 1379 diurno
1001 1342 1057 1379 uti
1085 1345 1373 1380 consueuerant
1397 1342 1489 1380 uino
1516 1341 1621 1392 quod

383 1408 490 1443 nocti
525 1411 564 1443 et
599 1406 707 1442 cenis
741 1407 867 1456 magis
905 1407 1143 1444 conueniret.
1194 1406 1242 1443 Id
1278 1411 1357 1444 est:
1390 1405 1617 1456 Postquam]

386 1476 599 1522 coeperunt
633 1470 810 1509 homines
843 1471 899 1510 ita
926 1469 1076 1521 epulari
1110 1470 1231 1509 ueluti
1267 1471 1307 1508 in
1342 1470 1454 1509 festis
1481 1470 1621 1509 diebus

386 1548 421 1574 e.
449 1548 485 1586 q.
513 1549 545 1573 s.

357 1662 411 1701 At
444 1668 602 1714 praeter
627 1663 733 1702 locos
761 1663 896 1715 quales
923 1676 1043 1715 supra
1067 1665 1268 1715 posuimus
1295 1663 1464 1703 aliorum.
1484 1665 1624 1715 ingens

235 1730 319 1766 fere
361 1741 547 1767 numerus
588 1733 649 1767 est
692 1728 833 1779 quibus
882 1730 949 1780 qui
995 1729 1142 1767 factum
1183 1731 1241 1766 sit
1289 1734 1332 1767 ut
1374 1729 1523 1767 scholia
1561 1733 1630 1766 aut

234 1791 323 1831 tota‘
338 1798 409 1831 aut
435 1806 485 1832 ex
501 1799 613 1844 parte
640 1794 867 1832 exciderent
893 1807 1054 1833 causam
1076 1800 1225 1832 certam»
1243 1796 1312 1832 uix
1329 1794 1540 1832 adsecutus
1560 1795 1627 1832 sis.

233 1857 444 1909 Duplicem
470 1871 564 1896 uero
590 1861 779 1897 rationem
805 1859 1039 1898 obseruasse
1068 1860 1168 1897 mihi
1187 1860 1327 1898 uideor
1342 1864 1501 1910 praeter
1517 1858 1628 1897 illam

235 1910 353 1973 quam
381 1924 460 1961 iam
489 1926 726 1973 memoraui3
766 1923 947 1962 mutilata
983 1937 1031 1962 ea
1062 1926 1103 1962 in
1128 1925 1268 1975 primis
1296 1929 1388 1962 sunt
1413 1923 1563 1962 scholia
1587 1924 1628 1961 in

235 1986 376 2039 quibus
415 2000 560 2039 graeca
598 1989 718 2039 (quae
757 1988 943 2028 librarius
971 1987 1106 2039 legere
1131 2001 1210 2027 non
1243 1990 1418 2040 potuisse
1452 1987 1626 2038 uidetur)

233 2052 366 2090 latinis
402 2052 577 2090 admixta
616 2048 719 2102 s'unt,
755 2053 897 2092 deinde
930 2053 995 2092 uel
1029 2055 1155 2092 maior
1181 2066 1315 2091 eorum
1340 2065 1526 2091 numerus
1553 2057 1629 2101 est,

235 2130 337 2168 quae
361 2116 614 2155 breuiuscula
640 2123 782 2156 uocant
809 2132 861 2157 ex
876 2118 1020 2170 glossis
1039 2117 1358 2157 interlinearibus
1376 2117 1480 2156 facta
1495 2118 1628 2169 potius

234 2195 351 2233 quam
378 2195 399 2220 e
425 2182 719 2234 marginalibus.

350 2247 483 2287 Nihilo
511 2250 638 2287 secius
663 2262 714 2287 ne
741 2249 888 2288 codicis
911 2262 1027 2301 opem
1045 2251 1202 2288 omnino
1233 2248 1433 2287 abicerem
1454 2260 1517 2285 me
1545 2260 1628 2285 mo-

232 2318 402 2351 nuerunt
445 2315 664 2364 scripturae
710 2316 806 2353 satis
840 2314 987 2352 multae
1016 2316 1058 2352 in
1097 2313 1237 2364 quibus
1275 2317 1344 2350 aut
1379 2325 1475 2350 uera
1515 2312 1626 2349 scho-

232 2376 372 2416 liastae
396 2390 535 2416 manus
561 2383 696 2428 patere
721 2383 790 2417 aut
816 2383 924 2417 certe
950 2380 1005 2416 ita
1030 2378 1155 2416 latere
1172 2379 1234 2416 uis
1244 2390 1311 2415 um
1335 2382 1396 2415 est
1411 2382 1456 2415 ut
1472 2376 1630 2415 facilius

233 2441 325 2480 inde
339 2441 428 2480 elici
450 2447 601 2493 posset3
627 2444 761 2494 itaque
777 2444 819 2481 in
836 2443 1086 2482 adnotatione
1104 2444 1243 2480 critica
1270 2442 1452 2480 editionis
1469 2447 1630 2480 nostrae

234 2508 308 2545 etsi
333 2519 411 2545 non
437 2509 567 2546 omnia
592 2512 632 2546 at
657 2513 789 2547 tamen
815 2510 916 2547 scitu
940 2508 1179 2559 dignissima
1209 2509 1471 2546 enotauimus.
1498 2507 1630 2558 Atque

234 2572 337 2610 infra
357 2585 437 2610 non
459 2572 568 2611 nulla
590 2574 795 2623 scripturis
817 2572 1063 2611 Fabricianis
1089 2575 1248 2612 ueriora
1271 2573 1512 2623 melioraque
1525 2584 1630 2610 nunc

241 2648 431 2687 promam.
