1874 3097
857 179 1153 216 QVAESTIONES

337 279 1289 329 '137‚13.sudminuafiu.u.n..ea.i.
1338 278 1747 335 Vnanauisqua-
1808 296 1813 303 ·

458 342 612 382 scilicet
637 342 774 394 effugit
799 343 905 382 uicta
931 343 982 383 ab
1010 343 1207 397 August03
1240 342 1458 382 secundum
1482 354 1602 384 unam
1626 358 1696 385 na-

459 421 550 445 uem
576 408 724 446 dictum
751 410 889 458 accipe
916 409 1007 458 (ΓΡ)
1035 410 1194 447 FABR.

406 472 474 510 sed
498 472 637 511 minuit
662 495 711 501 —
737 472 765 510 i.
809 472 898 511 Vna
925 469 1038 512 nauis
1066 486 1143 525 qua
1169 472 1320 512 scilicet
1346 471 1481 532 effugit
1495 473 1614 531 *uicta
1645 471 1697 512 ab

460 537 661 587 August03
708 538 796 575 sed
839 551 959 576 unam
1000 551 1143 577 nauem
1193 539 1512 586 ὑπερβολικῶς
1550 538 1698 575 dictum

459 601 598 652 accipe
626 600 742 640 COD.

358 666 399 705 II
428 667 462 715 1,
488 667 555 705 28:
594 666 740 705 rettulit
763 667 930 717 inferias
953 667 1168 718 Iuyurtkae.
1219 667 1337 705 Nunc
1372 666 1489 705 latius
1515 666 1700 717 intelligit

390 769 393 771 ,
460 730 640 767 omnibus
666 730 830 768 FABR.

409 801 492 833 νοεῖ.
519 795 546 833 i.
573 795 607 835 L
657 794 772 833 Nunc
798 794 915 834 latius
941 794 1126 845 intellege
1161 794 1211 832 id
1238 800 1326 843 est,
1356 794 1510 833 Afris
1519 794 1699 833 omnibus

463 859 580 899 COD.
633 881 638 885 -

360 925 400 965 Π
424 925 462 974 4,
492 926 555 964 13;
583 926 729 963 nescias
754 931 866 963 ante
890 938 925 976 9.
952 924 983 963 b.
1013 925 1085 962 Ph.
1104 925 1151 976 fl.
1178 925 1216 963 d.
1227 938 1272 976 p.
1305 925 1428 963 Posse
1456 929 1588 963 autem
1614 925 1700 963 fieri

462 992 518 1027 ait
544 995 586 1028 ut
613 995 651 1028 et
676 990 776 1027 haec
793 991 893 1040 regii
912 992 1072 1040 generis
1092 991 1142 1027 sit
1169 1003 1202 1027 e.
1222 1002 1258 1040 q.
1279 1003 1309 1027 s.
1336 989 1499 1029 FA-BR

414 1055 561 1093 nescias
586 1063 637 1092 an
672 1061 706 1092 te
730 1068 764 1106 9.
793 1054 826 1092 b.
854 1054 994 1107 Ph.fl.
1023 1054 1060 1092 d.
1081 1068 1126 1106 p.
1173 1053 1413 1092 Breuiter
1447 1058 1494 1092 et
1528 1053 1701 1092 decen-

468 1125 543 1157 ter
569 1120 973 1170 anthypophorae
1000 1121 1234 1157 occurrit.
1261 1119 1376 1156 Nam
1403 1132 1503 1156 cum
1521 1119 1699 1156 Brisei-

467 1183 569 1221 dem
614 1183 926 1221 Tecmessam
979 1189 1026 1222 et
1070 1182 1406 1222 Cassandram
1448 1195 1572 1234 quae
1615 1183 1702 1221 sci-

464 1249 591 1287 licet
641 1251 813 1298 regiae
856 1248 1049 1299 puellae
1091 1249 1294 1287 fuerant
1339 1250 1390 1286 in
1428 1248 1704 1298 exemplum

464 1313 723 1365 Phyllidis
750 1312 1014 1351 attulisset
1048 1313 1345 1351 necessario
1373 1311 1606 1351 subiecit:
1632 1325 1703 1351 ne-

465 1379 596 1417 scias
621 1393 678 1417 an
706 1385 748 1417 te
772 1393 807 1429 9.
834 1378 867 1417 b.
896 1379 975 1416 Ph.
994 1378 1058 1429 fl.
1086 1378 1180 1429 d.p.
1233 1368 1357 1416 Posse
1383 1383 1514 1416 autem
1539 1378 1624 1415 fieri
1650 1379 1706 1416 ait

466 1447 509 1481 ut
536 1448 575 1481 et
599 1443 698 1482 haec
726 1444 826 1493 regii
851 1443 1009 1493 generis
1037 1444 1088 1480 sit
1114 1455 1148 1480 e.
1177 1455 1214 1493 q.
1244 1456 1275 1480 s.
1303 1441 1418 1481 COD.

365 1508 406 1547 11
431 1509 468 1557 5,
495 1509 540 1547 6:
579 1522 679 1547 mmo
702 1509 845 1560 fluuiis
868 1521 1025 1560 qrauem
1049 1507 1210 1546 solantis
1235 1514 1387 1546 aestum.
1441 1507 1558 1555 Quod
1584 1508 1704 1557 signi-

468 1573 560 1610 fieat
585 1573 856 1623 refrigerantis
884 1586 917 1610 e.
946 1585 983 1623 q.
1011 1586 1042 1610 s.
1068 1572 1232 1610 FABR.

417 1637 573 1688 nuncfl.
591 1651 648 1689 90‘·
666 1651 695 1676 ε.
714 1650 769 1675 ae.
795 1626 1096 1688 Elegantius
1125 1636 1224 1675 diei
1250 1649 1347 1675 non
1372 1641 1538 1688 potest
1565 1648 1707 1687 quam

466 1703 648 1740 dicitur
671 1702 883 1752 ‘fluuiis
906 1715 1099 1753 yrauem
1123 1701 1340 1739 solantis
1364 1701 1570 1748 aestans,
1598 1700 1703 1751 quod

469 1767 664 1817 significat
689 1767 957 1817 reffigerantis
984 1780 1018 1806 e.
1046 1779 1083 1817 q.
1111 1780 1141 1804 s.
1173 1766 1290 1806 COD.

368 1831 463 1870 ibid.
492 1832 532 1870 7:
567 1845 666 1869 mmo
700 1833 743 1870 in
776 1832 852 1869 udo
887 1832 911 1869 l.
947 1846 977 1870 c.
1012 1846 1049 1869 u.
1076 1831 1213 1869 salino.
1266 1831 1446 1870 Dicendo
1482 1830 1615 1869 uitulis
1649 1832 1707 1868 in-

471 1895 596 1947 telligi
623 1896 708 1934 uult
735 1909 824 1934 cum
849 1897 982 1948 pueris
1001 1895 1171 1934 FABR.

422 1976 522 2000 nunc
547 1984 596 1991 —
622 1961 757 2001 salino.
810 1962 1029 2000 Iucunde
1054 1966 1351 2013 perseuerat
1377 1963 1425 1999 in
1452 1960 1710 2012 allegoria.

470 2027 580 2065 ‘cum
607 2027 802 2066 uitulis’
822 2026 1038 2065 dicendo
1065 2026 1239 2077 intellegi
1265 2025 1440 2064 uolens
1469 2039 1558 2064 cum
1575 2026 1708 2077 pueris

474 2092 592 2133 COD.

370 2157 465 2197 ibid.
493 2159 562 2196 13:
601 2158 721 2195 cum-it
746 2158 845 2195 enim
862 2157 904 2208 f.
931 2179 981 2184 —
1007 2169 1138 2194 annos.
1192 2155 1269 2193 Hic
1294 2168 1365 2206 pro
1391 2155 1540 2194 uiribus
1567 2167 1615 2194 ac
1640 2155 1709 2193 flo-

470 2236 556 2260 rem
582 2223 722 2260 aetatis
749 2224 886 2273 accipe
914 2236 947 2261 e.
976 2235 1013 2273 q.
1042 2235 1074 2259 s.
1103 2221 1267 2259 FABR.

421 2288 542 2326 cuv-rit
566 2288 666 2326 enim
683 2288 933 2339 f.—-annos.
979 2287 1104 2325 Mira
1140 2286 1407 2336 conceptio
1433 2285 1482 2323 in
1509 2297 1563 2324 eo
1590 2284 1713 2336 quod*
1764 2290 1771 2297 ¹

473 2357 548 2391 est
594 2353 698 2392 ‘illi
735 2366 888 2392 annos
913 2358 1127 2404 apponet
1153 2364 1268 2402 quos
1294 2350 1388 2389 tibi
1419 2350 1712 2401 damasco-ic,-

474 2418 561 2456 sed
587 2431 741 2456 annos
781 2418 846 2457 hic
879 2431 950 2469 pro
978 2417 1129 2456 uiribus
1156 2430 1203 2455 ac
1239 2417 1375 2455 florem
1410 2417 1548 2455 aetatis
1574 2417 1713 2467 accipe

475 2497 508 2521 e.
538 2496 574 2534 q.
603 2498 633 2521 s.
663 2483 780 2523 C'OD

373 2548 413 2588 Π
444 2549 764 2599 10‚13:sperat
797 2549 948 2601 infestis
982 2549 1113 2586 metuit
1144 2548 1317 2586 secundis
1351 2561 1397 2587 α.
1422 2560 1452 2584 s.
1506 2544 1621 2594 Quod
1657 2550 1716 2585 est

477 2613 691 2652 aduersum
719 2614 811 2664 (ΓΡ)
838 2614 999 2653 FABR.
