1874 3097
261 213 310 252 12
810 214 1104 252 vasnomzs

364 359 370 364 ἱ
409 315 488 352 iam
506 315 531 351 i.
548 326 587 363 p.
607 318 684 351 aet.
709 326 801 351 nam
827 318 867 351 et
892 313 968 353 hoc
984 337 1036 345 —
1054 328 1167 367 quae,
1195 327 1296 358 cum
1316 316 1412 358 iam
1437 310 1651 364 aetate?

410 378 543 416 duris
571 379 689 428 iuga
714 390 774 416 ac
799 377 948 417 frena
973 379 1101 428 adh„
1127 392 1165 431 p.
1192 392 1229 417 n.
1255 392 1295 431 p.
1322 379 1439 419 G'OD.
1628 386 1632 390 “
1661 400 1665 408 -

305 442 387 481 1111
412 443 449 491 2,
476 443 520 482 2:
546 442 630 481 Iule
654 443 817 481 caeratis
851 457 885 481 ο.
910 444 1035 483 Daed.
1062 446 1131 483 nit.
1151 446 1303 496 pennis.
1324 444 1386 483 ἸΙᾶ
1413 449 1482 494 est,
1506 439 1649 485 *altiora
1711 447 1716 451 ’

410 520 527 558 quam
556 508 682 558 possit
708 507 898 567 expedire
929 515 1093 548 conatus
1128 510 1280 564 dicere.
1320 510 1654 561 quemadmodum*
1687 550 1692 556 ,

408 571 542 609 Icarus
572 572 724 609 maiora
750 584 960 622 aggressus
987 573 1120 611 facere
1145 575 1287 624 pennis
1319 569 1491 612 Daedali
1523 575 1648 612 mani·
1718 626 1721 628 q

406 636 482 675 bus
507 636 623 674 factis
649 636 813 675 FABR.

355 701 439 740 Iule
463 724 515 730 —
532 702 685 752 pennis.
724 702 772 740 Id
799 707 870 751 est,
898 702 966 740 alt.
997 716 1035 753 q.
1063 716 1104 754 p.
1136 702 1322 754 expedire
1349 703 1647 741 conatusde·

407 767 631 818 eipietur
668 766 997 817 quemadmodum
1031 767 1209 807 Icarus
1244 766 1467 807 Daedali
1501 770 1646 807 mani-

405 831 497 870 bus
523 831 677 869 factis
704 833 884 883 pennis
914 832 1034 871 COD.
1587 822 1590 825 v

304 900 342 947 2,
372 897 437 937 10:
463 910 528 934 seu
551 910 622 947 per
646 896 810 934 audaces
834 910 935 935 noua
953 897 1220 948 dithyrambos.
1265 897 1317 936 Vt
1333 897 1544 948 plurimum
1571 898 1647 937 sibi

405 963 471 1000 hic
497 962 691 1000 Pindarus
717 963 937 1012 permittat,
971 975 1063 1000 nam
1095 967 1134 1000 et
1158 964 1330 1001 maximo
1356 964 1494 1014 spiritu
1521 951 1645 1001 nouas

407 1027 590 1065 historias
609 1027 683 1065 hoc
700 1015 824 1064 metro
843 1028 963 1076 canit3
988 1040 1091 1065 noua
1108 1031 1240 1064 autem
1259 1027 1382 1065 uerba
1399 1026 1646 1066 admirabilia

408 1096 451 1130 ut
476 1091 526 1129 ab
552 1093 639 1142 ipsa
663 1083 835 1129 Pindaro
861 1092 966 1129 facta
992 1105 1080 1129 esse
1108 1093 1246 1142 accipe
1271 1091 1435 1129 E'ABR.

356 1170 422 1195 seu
445 1179 496 1185 —
522 1156 661 1207 dithyr.
712 1156 797 1194 Ait
824 1156 1006 1207 quid2*
1042 1156 1308 1208 plurimum
1343 1155 1443 1194 sibi
1474 1156 1645 1194 Pinda—

407 1234 489 1259 rus
514 1208 610 1259 ’hic
643 1222 932 1271 permittat3
968 1234 1060 1258 nam
1093 1244 1145 1250 —
1183 1224 1309 1269 eanit3
1346 1221 1481 1260 ‘noua'⁴
1512 1220 1645 1259 autem

405 1285 528 1324 uerba
545 1290 624 1324 aut
649 1285 897 1324 admirabilia
923 1290 1000 1324 aut
1026 1285 1076 1324 ab
1104 1287 1190 1337 ipso
1209 1286 1381 1324 Pindaro
1407 1287 1435 1324 f.
1464 1299 1552 1325 esse
1579 1299 1643 1324 ao·

392 1352 495 1402 ,cipe
522 1350 638 1390 COD.
817 1374 819 1376 v

304 1415 386 1454 IIII
411 1415 448 1464 4,
475 1416 543 1454 27:
579 1416 673 1467 qaid
697 1415 797 1467 Auy.
818 1422 904 1467 pat.
930 1416 959 1454 i.
980 1430 1024 1467 p.
1055 1430 1092 1454 a.
1118 1416 1171 1454 N.
1223 1415 1315 1454 Duo
1342 1415 1497 1454 fuerant
1520 1409 1642 1454 Nero-

403 1494 476 1518 nes
510 1482 683 1532 priuigni
709 1480 892 1532 Augusti.
946 1480 1121 1528 Quorum
1159 1480 1326 1519 alterum
1360 1482 1402 1518 in
1437 1480 1552 1519 domo
1578 1480 1644 1520 Ti-

405 1544 506 1583 berii
534 1544 692 1583 Claudii
718 1545 851 1582 mariti
877 1530 1020 1596 prioris
1039 1545 1154 1584 Liuia
1179 1546 1332 1597 peperit
1349 1545 1513 1583 alterum
1532 1550 1644 1584 utero

405 1610 456 1648 ad
485 1609 588 1661 Aug.
616 1611 756 1648 attulit.
809 1611 962 1649 Horum
988 1611 1089 1649 alter
1117 1612 1159 1648 in
1187 1610 1398 1649 Germania
1421 1609 1558 1649 morbo
1577 1623 1643 1648 ex-

404 1675 550 1712 tinctus
586 1674 686 1712 alter
720 1675 928 1727 adoptatus
963 1675 1013 1713 ab
1040 1674 1143 1726 Aug.
1172 1687 1377 1713 successor
1400 1675 1643 1726 principatus

405 1741 489 1777 eius
508 1739 581 1777 fuit
597 1744 839 1791 uocatusque
859 1746 919 1778 est
936 1739 1024 1778 Tib.
1047 1739 1163 1778 Caes.
1199 1739 1359 1778 FABR.

353 1804 447 1856 quid
473 1805 523 1833 -ss-
548 1805 601 1843 N.
654 1804 746 1843 Duo
771 1827 821 1833 —
857 1804 999 1844 attulit.
1051 1803 1204 1852 Horum
1243 1797 1410 1843 altero
1448 1806 1473 1843 i.
1507 1804 1554 1844 G.
1589 1818 1641 1847 m.

405 1871 656 1918 extincto,
693 1883 727 1907 a.
763 1883 797 1909 a.
824 1870 872 1908 A.
909 1876 940 1908 ε’.
979 1872 1223 1921 principatus
1267 1871 1309 1908 ei
1353 1870 1427 1908 fuit
1452 1871 1641 1909 uocita-

403 1939 586 1985 tusque
613 1939 674 1972 est
697 1930 746 1972 T.
776 1935 820 1973 C.
851 1935 966 1973 COD.

300 1999 369 2038 51:
395 2006 580 2037 sectamur
604 1999 716 2038 ultro.
761 1994 969 2038 Seetamur
995 2011 1091 2050 quos
1117 1997 1223 2036 bello
1248 1996 1418 2050 petimus
1444 1998 1641 2037 Romanos

403 2077 568 2116 quorum
593 2078 733 2103 manus
766 2066 798 2103 si
826 2065 1078 2115 effugerimus
1103 2064 1279 2115 gaudere
1305 2063 1505 2112 debemus,
1537 2064 1639 2105 simi-

402 2128 540 2179 lesque
567 2130 607 2167 in
632 2129 708 2168 hoc
736 2143 870 2168 sumus
898 2125 1028 2167 eer'uis
1056 2130 1123 2179 qui
1146 2128 1250 2166 ultro
1269 2128 1381 2179 lupos
1399 2129 1643 2170 insectantur

403 2206 500 2245 quos
528 2194 702 2245 alioquin
735 2195 874 2246 fugere
911 2193 1108 2233 debebant
1132 2192 1297 2232 FABR.

352 2265 531 2298 sectemur
555 2274 593 2297 u.
622 2273 656 2311 q.
685 2273 716 2297 ο.
736 2260 776 2312 f.
797 2257 829 2298 e.
854 2259 915 2312 eff.
941 2273 971 2298 e.
994 2266 1042 2298 tr.
1070 2258 1204 2298 Vltro
1230 2258 1386 2309 inquit
1409 2256 1514 2295 bello
1540 2259 1639 2309 peti-

401 2338 489 2363 mus
515 2324 726 2374 Romanos,
754 2338 790 2376 q.
818 2338 869 2362 m.
898 2338 928 2363 s.
957 2324 1021 2363 eff.
1046 2337 1084 2375 g.
1111 2323 1148 2362 d.
1176 2336 1206 2360 s.
1232 2324 1258 2360 i.
1278 2322 1316 2360 h.
1341 2336 1371 2360 s.
1396 2335 1428 2361 c.
1448 2323 1512 2373 qui
1539 2321 1640 2361 ultro

402 2389 428 2428 l.
446 2391 773 2429 insectentur
791 2403 888 2442 quos
905 2390 1100 2440 alioqui
1129 2389 1266 2439 fugere
1284 2387 1503 2426 debeant
1522 2387 1639 2427 COD.

301 2455 339 2502 6,
367 2455 435 2493 31:
471 2456 665 2507 uirginum
693 2470 735 2506 p.
765 2470 808 2507 p.
844 2470 874 2493 o.
905 2469 948 2506 p.
983 2456 1058 2493 orti
1091 2455 1141 2492 D.
1176 2461 1201 2492 t.
1234 2454 1272 2492 d.
1301 2454 1342 2505 f.
1394 2452 1441 2491 Id
1478 2458 1538 2492 est
1572 2454 1638 2503 qui

404 2522 497 2558 estis
514 2521 636 2559 tutela
653 2521 795 2561 Deliae
814 2522 912 2560 deae
931 2522 1006 2560 hoe
1026 2526 1097 2567 est,
1114 2524 1232 2570 σχῆμα
1250 2521 1458 2570 ἐπεξήγησις
1474 2519 1637 2557 ΕΑΒΕ.

292 2605 330 2635 1*
351 2606 463 2635 aetatis
489 2605 555 2636 cod.
588 2609 690 2636 aetate
718 2617 796 2637 corr.
889 2606 929 2637 2*
959 2611 1013 2637 aut
1039 2608 1083 2637 ait
1112 2607 1188 2646 quid
1214 2610 1292 2638 reete
1318 2616 1350 2636 se
1370 2605 1459 2636 habet
1486 2608 1540 2635 aut
1559 2604 1639 2635 scri-

351 2660 498 2690 bendum.-
518 2657 683 2690 ‘Audaces'
703 2662 746 2690 ait
768 2662 851 2700 quod
873 2672 901 2691 e.
923 2672 954 2701 q.
976 2672 1002 2692 s.
