1874 3097
316 166 368 241 42
871 201 1168 253 va

321 314 482 339 omnem
500 299 717 349 absorbsit3
744 301 1320 351 antiquissimusaute-m'
1352 302 1487 347 totus
1510 298 1714 345 affinis&

320 365 435 404 huius
462 364 653 418 epistolae
677 366 821 417 partim
846 364 1092 405 oblitteratus
1118 369 1180 405 est
1204 366 1346 417 partim
1370 364 1505 407 lanea-⁵
1518 368 1581 399 ²4⁷·-

397 486 400 489 ⁴
438 494 633 533 Omnibus
676 495 797 545 igitur
840 494 938 533 locis
978 508 1099 547 supra
1137 496 1333 546 congestis
1376 495 1473 533 satis
1508 491 1711 546 *superque

317 559 512 601 euincitur
530 571 581 595 ex
597 558 781 608 omnibus
807 559 969 608 quidem
995 561 1076 597 suis
1104 559 1241 597 sedin
1260 560 1396 610 primis
1421 571 1474 597 ex
1490 551 1712 598 Blmffiniin

316 622 519 662 codicibus
557 623 915 662 Commentatorem
951 636 1066 662 suum
1100 623 1278 662 hausisse
1315 623 1543 674 Oruquitima
1594 618 1712 663 Vna&

313 687 441 738 liquet
475 689 753 726 auctoritatem
798 688 1126 726 Oommentatoris
1160 693 1200 725 et
1232 690 1418 725 uirtutem
1451 700 1533 725 non
1564 687 1710 738 ubique

314 765 452 803 parem
489 765 579 791 esse
615 754 853 803 praesertim
880 754 921 790 in
948 745 1205 791 emendandis
1237 752 1330 790 inde
1356 751 1523 790 Acronis
1550 757 1593 790 et
1614 751 1709 790 Por·

316 817 522 869 phyrionis
550 817 733 866 scholiis3
760 830 837 868 quo
855 818 1009 858 accedit
1027 817 1131 868 quod
1150 817 1198 855 de
1217 818 1542 868 paucissimorum
1560 821 1711 855 tantum

319 882 558 921 scholiorum
599 884 752 933 origine
789 884 940 921 ratione
973 895 1093 933 supra
1131 880 1350 920 monstrata
1390 882 1626 930 edocemur-3²
1660 882 1710 920 de

317 946 499 985 omnibus
533 947 693 985 relicuis
726 961 791 986 res
817 949 859 986 in
885 947 1004 986 dubio
1039 951 1147 985 certe
1180 947 1339 985 manet.¹
1379 947 1454 985 Oui
1488 946 1647 998 quidem
1674 947 1708 985 si

317 1011 517 1049 addideris
545 1025 592 1050 ea
619 1024 720 1062 quae
747 1012 1120 1063 Oruquius'passim
1146 1011 1197 1050 de
1224 1010 1563 1050 CONDITIONE
1583 1010 1708 1049 -rscho—
1740 1020 1742 1023 ⁴
1767 1058 1772 1061 ᾖ

317 1076 472 1125 liorum,
492 1076 624 1127 qualia
648 1078 689 1114 in
716 1076 916 1115 codicibus
942 1078 1174 1128 reppererit,
1201 1081 1393 1114 memorat
1418 1081 1509 1114 sunt
1535 1089 1582 1114 ea
1608 1087 1702 1126 quo-

319 1154 395 1191 que
425 1142 480 1178 ita
508 1146 735 1191 comparata
761 1146 803 1179 ut
828 1141 892 1179 uel
918 1143 1108 1179 maiorem
1134 1155 1161 1179 a
1183 1140 1296 1179 nobis
1323 1142 1364 1178 in
1391 1141 1450 1178 eis
1474 1140 1710 1178 adhibendis

322 1206 543 1243 cautionem
563 1206 734 1256 exigant,
763 1218 976 1256 eorumque
994 1207 1265 1243 auctoritatem
1292 1206 1554 1244 comminuere
1577 1205 1711 1255 potius·

321 1282 441 1320 quam
467 1282 616 1321 augere
642 1270 862 1309 uideantur.
1559 1262 1564 1267 ⁸

440 1399 529 1447 Quo
546 1403 638 1437 ante
657 1400 789 1438 omnia
808 1412 859 1438 ex
877 1398 1046 1451 epistula.
1062 1399 1115 1438 ad
1130 1399 1347 1450 Oruquium
1367 1397 1492 1437 filium
1513 1399 1713 1450 pertinent

313 1454 438 1503 haec:
461 1465 600 1514 ‘quae
627 1464 860 1515 (scholia)
887 1465 1116 1515 profecto
1142 1478 1216 1502 me
1240 1466 1311 1502 sic
1337 1468 1583 1501 acuerunt
1607 1464 1713 1500 suis

319 1528 581 1568 barbariei
619 1528 738 1568 telis
783 1528 997 1568 occultis
1031 1535 1079 1568 et
1108 1542 1368 1582 numquam
1396 1541 1490 1567 non
1522 1541 1582 1566 ex
1610 1526 1712 1566 alto

318 1594 521 1644 puluere
540 1597 678 1645 quasi
700 1597 749 1633 in
770 1594 987 1632 nebulam
1005 1596 1102 1632 iam
1121 1595 1427 1633 condensato
1446 1592 1718 1631 hostiliter

321 1651 650 1698 emicantibus
669 1665 719 1698 ut
740 1672 968 1706 nonraro
992 1660 1210 1697 reiectis
1232 1661 1378 1697 armis
1403 1658 1717 1710 des-perarim

320 1724 378 1763 de
402 1726 656 1764 uictoria.'
681 1725 841 1764 Deinde
868 1738 918 1763 ex
940 1724 1185 1776 praefatione
1210 1725 1302 1763 edit.
1330 1723 1429 1763 1579
1455 1722 1506 1762 ad
1531 1723 1717 1762 lectorem

318 1788 564 1828 beneuolum.
575 1790 694 1829 haec:
706 1790 765 1828 ‘ut
782 1795 935 1829 taceam
948 1786 1002 1828 ea
1020 1803 1122 1841 quae
1139 1790 1268 1829 euolui
1286 1791 1328 1828 in
1344 1788 1554 1828 Horatium
1570 1789 1743 1844 scripta·

319 1856 395 1893 uix.
413 1853 495 1893 ullo
517 1855 664 1893 honore
679 1855 810 1906 digna,
838 1856 1021 1894 sed'ita
1046 1855 1222 1894 lacera
1246 1868 1420 1893 manca
1443 1852 1623 1892 mutila
1647 1852 1714 1891 la-

323 1931 512 1957 cunosa
531 1924 577 1957 et
594 1924 785 1958 tantum
810 1933 905 1958 non
924 1922 1060 1958 carie
1079 1925 1135 1959 et
1160 1923 1418 1968 uetustate
1445 1918 1717 1968 deperdita

320 1989 372 2022 ut
411 1998 469 2023 ex
510 1985 583 2023 eis
626 1986 711 2023 uix
753 1984 841 2023 hos
885 1986 1273 2023 commentarios
1326 1978 1712 2022 eons'arcinaue-

321 2050 435 2087 rim.’
489 2049 643 2097 Quibus
671 2049 909 2101 subiungere
933 2049 1093 2101 placuit.
1108 2061 1211 2101 quae
1239 2048 1335 2088 alibi
1369 2061 1443 2100 per
1467 2049 1591 2100 ipsius
1616 2047 1715 2086 Cru-

322 2115 403 2164 quii
446 2117 747 2154 commentarios
786 2116 967 2166 dispersa
1004 2116 1258 2153 inueniuntur
1304 2115 1353 2153 ad
1395 2113 1632 2153 scholiorum
1676 2114 1715 2151 in

324 2179 526 2217 codicibus
553 2179 816 2218 conditionem
844 2182 1082 2231 spectantia:

442 2243 487 2282 P.
515 2244 566 2282 85
591 2257 635 2283 a:
670 2244 849 2295 ‘quorum
884 2246 1101 2292 sententiae
1129 2246 1214 2283 sine
1243 2245 1512 2283 controuersia
1532 2242 1715 2281 'subscri-

322 2309 496 2347 bendum
530 2310 662 2348 iudico
689 2323 735 2347 eo
763 2311 867 2360 quod
893 2312 935 2347 in
961 2311 1111 2348 Diuaeo
1146 2309 1284 2349 codice
1321 2309 1518 2346 litteris
1552 2313 1715 2346 uetus-

324 2379 427 2413 tate
462 2388 619 2426 prope
655 2374 977 2418 oblitteratis
1013 2375 1202 2427 seriptum
1228 2373 1459 2413 offenderim
1486 2376 1573 2412 etc!
1597 2392 1649 2402 —e
1674 2385 1714 2424 p,

325 2439 372 2476 91
402 2452 444 2476 a:
472 2440 527 2477 ‘in
553 2442 752 2491 antiquiss.
789 2442 919 2478 codice·
939 2440 1093 2478 Bland..
1120 2444 1171 2477 ex
1205 2439 1438 2491 apicibus
1473 2440 1648 2477 lituris
1675 2443 1714 2475 et

325 2502 486 2542 alterius
504 2504 701 2543 Blandinii
731 2506 938 2544 collatione
967 2508 1058 2544 etc.'
1076 2528 1126 2533 —
1144 2519 1182 2556 p.
1201 2505 1277 2542 214
1292 2504 1339 2543 b:
1367 2505 1420 2543 ‘in
1446 2504 1589 2543 duobus
1605 2503 1713 2542 codd.
1773 2539 1784 2547 ,

326 2568 508 2620 (Bland.)
531 2571 665 2618 citrea,
693 2572 735 2607 in
750 2572 857 2608 tertio
882 2583 978 2608 non
1005 2572 1113 2608 sine
1139 2570 1335 2618 lituris,
1365 2569 1507 2608 deinde
1525 2568 1715 2620 opitulata

326 2634 421 2673 mihi
448 2639 509 2672 est
534 2633 798 2672 adnotatio
825 2633 949 2672 lic'et
985 2634 1201 2672 barbara
1226 2647 1282 2673 ac
1311 2636 1418 2673 fere
1452 2637 1714 2676 uetustate
