1874 3097
765 205 968 241 onmem
1047 183 1050 185 ’
1511 206 1558 248 1⁴1

273 308 381 359 apua
408 307 615 360 Riuerwm)
644 331 696 338 —
716 308 822 349 V27
848 311 1060 347 exsecta
1095 328 1146 335 —
1176 306 1226 346 37
1262 307 1560 346 inresectam

271 394 324 402 ·-
365 372 418 412 60
454 371 805 417 laborauerint
842 374 886 424 (i.
911 385 943 411 e.
978 371 1279 422 laborarint)
1316 392 1368 400 -
1407 371 1485 410 VH
1511 373 1560 411 13

271 449 445 478 caecos
471 439 529 489 (ut
552 438 632 476 iam
647 438 861 492 Meinelciue
884 438 1038 489 scripsit
1061 437 1151 475 edit.
1170 436 1319 488 alt.)—
1342 436 1391 474 15
1415 436 1560 476 albus

270 516 357 541 ora
379 501 546 555 p'allor
570 525 621 532 -
653 489 750 544 VIII
776 504 822 541 17
855 503 1113 541 inlitterati
1148 525 1200 531 —
1233 503 1273 541 X
1301 502 1350 541 15
1385 502 1560 541 ruden-

271 568 349 606 tis
368 589 419 597 -
446 566 512 605 XI
541 565 587 607 12
613 567 889 618 adplorans
914 587 964 595 --
993 565 1074 605 XII
1099 567 1288 606 31irm0
1315 567 1481 606 iuueni
1507 589 1558 596 —

274 632 297 670 7
324 634 434 683 quis
459 633 578 671 udor
603 633 727 682 (sicJ).
754 654 806 661 —

292 759 485 799 Omnibus
518 760 602 798 fere
634 760 731 798 locis
767 772 886 811 supra
912 761 1130 811 congestis,
1164 764 1204 798 et
1229 759 1375 799 addere
1400 767 1556 813 potera·

170 837 258 863 mus
296 829 513 873 sexcentos,
552 826 594 862 in
633 824 870 862 Fabriciana
905 826 1034 862 minus
1071 823 1297 875 probabiles
1335 819 1555 876 scripturae

172 889 420 942 (plerumque
459 888 643 940 uulgatae
683 901 779 940 quas
818 889 977 937 uocant)
1023 888 1207 941 leguntur
1245 902 1342 941 quas
1371 888 1555 942 singulas

171 956 254 993 suis
280 954 377 993 locis
404 955 533 1004 quiuis
558 953 676 992 facile
702 953 777 990 sibi
802 955 887 1003 ipse
910 953 1115 991 addiderit.

290 1081 375 1121 Iam
399 1082 519 1121 finem
544 1082 634 1121 huic
660 1082 709 1121 de
733 1082 1016 1135 Porphyrionis
1043 1082 1178 1121 codice
1197 1084 1414 1133 quaestioni
1434 1085 1554 1135 impo-

171 1149 317 1185 siturus
342 1160 422 1185 non
447 1160 607 1198 possum
634 1160 735 1198 quae
760 1147 809 1185 de
835 1148 1052 1198 scripturae
1070 1147 1201 1185 indole
1219 1154 1259 1185 et
1276 1148 1554 1199 orthographia

170 1212 336 1252 dicenda
361 1212 596 1251 uidebantur
620 1226 699 1251 non
724 1212 972 1263 subiungere.
998 1212 1119 1250 Plura
1145 1212 1303 1262 quidem
1322 1226 1457 1251 eorum
1474 1214 1553 1251 iam

170 1290 289 1329 supra
326 1283 541 1316 memorata
574 1283 681 1326 sunt3
721 1278 792 1316 sed
825 1277 930 1315 haud
966 1290 1301 1328 superuacaneum
1328 1282 1389 1315 est
1416 1278 1556 1315 eadem

168 1342 256 1380 aliis
283 1347 399 1380 aucta
421 1342 486 1380 hic
510 1345 552 1380 in
569 1356 646 1380 uno
673 1347 886 1392 conspectu
911 1355 1166 1393 componere,
1199 1348 1242 1380 ut
1269 1342 1359 1380 inde
1386 1343 1480 1393 quid
1507 1343 1557 1381 de

171 1406 318 1451 codicis
357 1411 485 1444 aetate
527 1406 775 1444 statuendum
815 1408 865 1443 sit
911 1407 996 1457 ipse
1043 1406 1217 1444 iudicare
1262 1408 1405 1457 possis.
1458 1407 1555 1445 Dixi

172 1483 289 1522 supra
317 1484 419 1509 saec.
445 1470 546 1508 XIII
571 1471 665 1508 mihi
693 1472 865 1522 scriptus
891 1470 1038 1520 uideri3
1066 1470 1137 1509 sed
1162 1471 1284 1509 multa
1310 1470 1430 1509 habet
1455 1484 1556 1521 quae

171 1533 238 1572 uel
263 1536 452 1572 maiorem
482 1540 650 1573 aetatem
684 1537 718 1573 si
743 1548 823 1573 non
857 1537 980 1585 ipsius
1015 1535 1163 1573 codicis
1198 1543 1239 1573 at
1273 1541 1405 1574 tamen
1438 1537 1556 1574 fontis

170 1600 275 1638 unde
310 1600 530 1650 descriptus
562 1605 622 1638 est
652 1600 820 1651 prodere
850 1600 1043 1639 uidentur.
1080 1599 1147 1638 Sic
1176 1601 1331 1638 litterae
1362 1600 1381 1638 s
1408 1605 1448 1638 et
1478 1601 1498 1638 f
1520 1606 1560 1639 et

170 1677 289 1714 supra
316 1669 355 1701 et
374 1665 483 1702 'infra
508 1664 654 1702 lineam
679 1664 881 1714 paululum
907 1664 1121 1715 productae
1149 1669 1239 1702 sunt
1264 1678 1364 1715 quae
1396 1678 1557 1703 consue-

167 1727 260 1767 tudo
287 1728 360 1766 fuit
395 1741 497 1767 saec.
523 1728 581 1777 X3
630 1727 859 1779 diphthongi
898 1741 946 1766 ae
982 1733 1021 1767 et
1055 1741 1077 1766 e
1110 1728 1450 1779 frequentissimae
1486 1730 1556 1767 sed

169 1794 287 1831 etiam
314 1807 335 1837 e
364 1798 403 1831 et
430 1807 471 1842 e3
498 1794 516 1831 s
538 1793 700 1844 longum
726 1793 871 1844 ubique
898 1808 915 1832 s
942 1793 1059 1831 finale
1085 1806 1295 1844 nusquam,
1324 1794 1428 1845 quod
1447 1808 1552 1832 saec.

168 1857 230 1896 XI
246 1859 426 1909 usurpari
444 1860 622 1910 coepisse
649 1858 802 1907 dicunt3
828 1873 842 1896 1
868 1871 1009 1909 purum
1036 1871 1191 1909 semper
1218 1859 1314 1907 (non
1341 1859 1437 1896 iuel
1455 1859 1502 1909 i);
1529 1873 1556 1897 u

166 1923 310 1974 ubique
339 1937 418 1962 non
448 1938 494 1973 νς
528 1937 549 1961 r
583 1924 728 1975 ubique
762 1937 841 1963 non
873 1937 907 1973 ²3
943 1924 968 1962 d
1002 1924 1146 1974 ubique
1177 1937 1254 1961 non
1282 1926 1324 1972 ὃς
1352 1924 1385 1961 ἀ
1411 1924 1554 1974 sigium

165 2001 284 2040 saepe
313 1989 353 2026 in
384 1990 522 2040 primis
549 1991 591 2027 in
616 1990 693 2027 fine
719 2002 862 2028 uocum
889 1990 1019 2041 (cuius
1046 2003 1141 2028 usus
1168 1991 1237 2027 uix
1261 1989 1314 2027 ad
1339 2002 1442 2027 saec.
1471 1990 1553 2028 XII

167 2053 360 2105 durauit);
400 2060 460 2093 est
493 2054 557 2093 uel
585 2060 606 2093 e
643 2056 872 2106 (numquam
906 2065 949 2104 ÷
973 2054 1038 2093 uel
1062 2055 1134 2105 ab)
1162 2067 1235 2093 con
1260 2053 1325 2092 uel
1352 2048 1406 2092 cd
1425 2055 1551 2105 (num-

152 2114 286 2170 quam
312 2133 334 2158 o
361 2119 426 2157 uel
452 2121 507 2170 9).

286 2248 452 2287 Fontem
469 2240 737 2300 ¹antiquiorem
763 2254 803 2287 et
819 2250 1072 2287 sinceriorem
1095 2251 1214 2287 etiam
1231 2262 1309 2286 non
1326 2247 1435 2285 nulla
1459 2261 1547 2297 pro-

168 2313 266 2352 dunt
290 2314 341 2352 ad
357 2314 684 2366 *orthographiam
719 2315 948 2365 spectantia.
1001 2313 1091 2352 Huc
1123 2315 1320 2364 pertinent
1354 2326 1455 2364 quae
1488 2327 1547 2352 se-

165 2383 325 2417 cuntur:
353 2391 475 2429 quur
500 2378 993 2429 (semel)—locuntur,
1022 2383 1251 2416 secuntur
1277 2390 1365 2415 cum
1390 2391 1543 2429 compo-

165 2444 249 2483 sitis
288 2442 434 2495 ubique
471 2466 522 2472 —
560 2444 773 2483 cottidie
811 2441 1129 2481 cottidianus
1163 2464 1214 2470 ——
1251 2442 1392 2481 milia
1424 2442 1546 2481 baca

163 2508 309 2548 belua
338 2521 483 2548 sucus
517 2509 669 2548 alium
709 2508 888 2561 apulus
913 2530 964 2535 ——
1003 2508 1209 2546 cludunt
1234 2508 1447 2559 plodunt
1477 2511 1545 2547 'io-

164 2573 428 2613 cundus—
453 2588 693 2614 murreum
728 2587 997 2626 cupressus
1029 2595 1079 2602 —-
1114 2573 1436 2625 obprobrium
1471 2588 1544 2626 op-

162 2639 282 2678 tulit
316 2639 883 2694 suptilia—intellegere
911 2638 1189 2690 neglegere
1216 2654 1543 2692 perpremere

283 2719 550 2761 evasurum.
1203 2728 1221 2755 2
