1874 3097
321 198 376 238 44
873 163 1167 239 orme-nonus

324 299 655 337 characteres
682 300 787 337 sine
813 298 921 338 ulla
945 299 1105 340 litura
1130 299 1362 340 offenderim
1389 300 1476 339 etc!
1501 321 1553 330 —
1577 303 1711 361 prmo

321 363 368 402 b:
405 364 691 403 ‘adnotationes
724 364 1073 421 quattuor-*Bland
1104 379 1248 404 manu
1274 366 1380 404 sine
1413 364 1520 403 ulla
1551 365 1710 408 litura
1782 373 1787 376 ’

320 433 404 467 aut
428 424 616 467 macula
642 431 864 481 scriptae
892 431 978 469 etc.’
998 453 1049 461 —
1064 445 1103 483 p.
1121 430 1197 469 285
1209 444 1253 469 a:
1271 429 1389 468 ‘tres
1407 429 1583 468 Bland.
1601 431 1710 473 sine

321 493 520 533 macula
544 493 673 533 ulla.’
690 517 740 524 —
765 508 804 547 p.
823 495 895 535 341
917 509 961 536 a:
987 496 1082 535 ‘tres
1113 496 1205 535 dicti
1237 494 1395 534 codices
1427 493 1643 546 (Blandinii
1668 491 1710 535 in

321 558 655 608 Commentatore)
680 560 728 597 in
755 562 1177 612 exquisitissimis
1208 558 1587 599 characteribus
1615 573 1708 600 con·

319 615 486 662 sonant?
505 646 555 653 —
578 637 615 676 p.
633 624 707 664 347
726 638 769 664 a:
795 626 992 677 ‘quattuor
1018 625 1131 665 codd.
1156 624 1297 664 Bland.
1326 627 1366 663 in
1393 624 1709 665 adnotationibus

320 687 469 727 habent
500 691 818 741 apertissime
845 690 929 728 etc?
957 713 1006 719 ——
1039 704 1077 742 p.
1110 691 1185 729 378
1220 690 1266 729 b:
1292 690 1447 741 ‘Zanqis
1473 691 1578 741 (eam
1605 691 1708 729 enim

321 753 532 793 dictionem
567 756 675 793 sine
706 754 827 793 ullis
862 754 1037 794 lituris
1070 757 1203 794 inueni
1223 758 1262 794 in
1279 754 1520 806 Blandiniis)
1545 756 1631 794 etc-⁹
1658 777 1709 784 --

319 818 397 857 478
422 832 467 858 a:
494 819 779 859 “adnotationes
805 819 946 859 Bland.
983 821 1093 859 sine
1126 819 1252 858 ullis
1277 820 1488 860 maculis
1515 821 1601 857 etc.’
1627 842 1678 849 -

440 948 527 988 Iam
553 962 653 1001 quae
681 963 732 989 ex
759 951 816 989 eis
843 963 943 1001 quae
971 963 1091 1002 supra
1117 951 1317 1002 posuimus
1347 947 1596 988 consectaria·
1618 955 1709 989 sunt

322 1013 423 1052 haec
448 1014 532 1053 fere
568 1028 656 1054 esse
690 1015 892 1053 uidentur:
944 1015 1230 1054 Adnotationes
1258 1020 1298 1054 et
1322 1015 1560 1066 marginales
1587 1020 1626 1054 et
1652 1017 1708 1053 in-

322 1078 554 1117 terlineares
588 1081 630 1117 in
664 1080 826 1131 Cruquii
864 1080 1065 1118 codicibus
1101 1080 1224 1118 fuisse
1258 1081 1380 1118 uariis
1415 1078 1595 1118 manibus
1628 1092 1709 1118 non

322 1143 461 1181 eadem
495 1143 642 1196 ubique
668 1146 838 1196 scriptas
871 1144 1092 1196 multasque
1125 1150 1193 1183 aut
1218 1158 1294 1182 usu
1327 1145 1522 1196 frequenti
1548 1149 1616 1182 aut
1640 1157 1708 1182 ue-

320 1212 465 1247 tustate
499 1213 568 1248 aut
589 1209 668 1248 alia
694 1222 940 1261 quacumque
973 1210 1022 1249 de
1054 1223 1174 1249 causa
1199 1212 1254 1249 ita
1280 1210 1503 1262 deperditas
1521 1216 1564 1248 ut
1581 1209 1709 1249 editor

319 1278 474 1324 partem
500 1276 570 1312 uix
594 1274 693 1314 alias
721 1264 879 1315 omnino
904 1288 983 1314 non
1009 1276 1143 1327 legere
1168 1281 1302 1328 posset
1326 1277 1445 1314 immo
1472 1277 1706 1315 coniecturis

321 1340 405 1377 suis
432 1339 594 1378 easdem
619 1341 756 1379 iuuare
784 1346 824 1379 et
850 1340 1023 1379 enodare
1048 1345 1267 1392 cogeretur.
1317 1341 1455 1392 Neque
1482 1353 1614 1379 errare
1638 1354 1707 1379 no·

322 1403 381 1442 bis
408 1404 589 1443 uidemur
629 1407 877 1456 suspicantes
910 1405 1033 1443 multo
1058 1405 1100 1442 id
1126 1407 1282 1456 saepius
1309 1418 1385 1443 usu
1409 1407 1567 1443 uenisse
1592 1418 1709 1456 quam

321 1470 520 1519 Cruquius
547 1470 633 1520 ipse
659 1470 864 1509 confessus
892 1474 963 1508 est.
1017 1468 1097 1507 Sed
1123 1474 1209 1507 utut
1233 1469 1332 1507 haec
1366 1474 1473 1518 sunt,
1510 1471 1577 1521 qui
1604 1483 1708 1508 com·

320 1539 477 1586 pertum
493 1534 613 1572 habet
638 1536 792 1586 quantis
819 1533 1116 1573 difficultatibus
1142 1534 1324 1572 laborare
1342 1533 1495 1572 soleant
1512 1536 1577 1585 qui
1595 1534 1706 1573 scho-

321 1598 385 1638 liis
411 1604 449 1637 et
466 1599 750 1651 marginalibus
770 1605 808 1638 et
825 1599 1142 1638 interlinearibus
1161 1599 1341 1650 legendis
1360 1598 1710 1650 describendisque

323 1677 488 1716 operam
525 1670 696 1714 nauant,
746 1670 893 1716 quanta
940 1665 1140 1704 oculorum
1179 1666 1264 1703 acie
1305 1677 1421 1715 quam
1457 1664 1632 1715 diligenti
1672 1669 1711 1703 et

321 1729 523 1769 indefesso
558 1729 689 1769 studio
728 1730 780 1769 ad
819 1743 866 1768 ea
906 1742 993 1768 cum
1040 1729 1262 1781 puluisculo
1308 1729 1575 1768 exhaurienda
1610 1742 1708 1781 opus

320 1797 385 1844 sit,
411 1797 556 1846 poterit
582 1795 741 1845 quidem
761 1800 800 1833 et
817 1795 977 1833 debebit
1003 1808 1195 1833 summam
1222 1808 1386 1845 eamque
1407 1797 1592 1832 'meritam
1609 1795 1707 1833 Oru-

321 1860 413 1910 quio
432 1860 634 1910 impertire
653 1858 822 1907 laudem,
849 1859 955 1910 quod
971 1858 1084 1897 nobis
1102 1858 1321 1898 uberrimos
1340 1859 1707 1898 commentariorum

322 1926 364 1962 in
397 1926 536 1975 primis
561 1924 860 1963 Blandiniorum
895 1924 1022 1963 fontes
1056 1923 1263 1962 recluserit
1290 1929 1330 1962 et
1355 1924 1407 1962 ab
1432 1925 1592 1962 interitu
1628 1936 1709 1961 ser-

322 1990 477 2027 uauerit
511 1993 621 2041 (nam
646 1988 795 2040 absque
827 1983 878 2027 eo¹
911 1993 1016 2027 esset
1048 1988 1105 2027 nil
1131 1988 1180 2027 de
1208 1990 1262 2027 eis
1289 1988 1405 2027 hodie
1440 1987 1708 2039 haberemus),

320 2056 465 2106 poterit
498 2059 630 2092 tamen
664 2067 743 2093 non
776 2056 905 2103 minus
933 2059 973 2091 et
1006 2053 1168 2091 debebit
1201 2055 1349 2102 uereri,
1384 2067 1434 2091 ne
1461 2053 1584 2091 multa
1619 2066 1709 2091 eum

320 2119 511 2170 fugerint,
539 2132 590 2157 ne
620 2119 699 2157 alia
728 2119 874 2157 frustra
899 2120 1151 2171 temptauerit
1175 2118 1254 2157 alia
1278 2119 1587 2170 praetermiserit
1624 2118 1708 2156 siue

320 2184 464 2236 ‘longis
491 2185 685 2224 diuturnis
711 2186 992 2235 nocturnisque
1018 2183 1219 2223 laboribus
1245 2184 1430 2234 fatigatus
1457 2185 1541 2222 siue
1559 2185 1709 2222 sensim
1774 2176 1776 2178 ¹

322 2251 548 2301 sensimque
574 2250 767 2289 inminuta
802 2248 1024 2301 diligentia,
1061 2262 1178 2301 quam
1205 2248 1327 2287 semel
1353 2248 1511 2299 quidem
1536 2249 1623 2300 ipse
1651 2246 1710 2299 (id

322 2316 427 2368 quod
455 2318 572 2355 etiam
597 2315 848 2356 Muetzellius
874 2320 982 2355 recte
1007 2316 1156 2366 monet)
1183 2316 1452 2367 perstringere
1485 2314 1642 2353 uidetur
1666 2315 1709 2352 in

324 2384 381 2420 eis
420 2394 521 2433 quae
547 2383 588 2420 in
615 2383 694 2421 fine
723 2382 904 2421 editionis
933 2381 1032 2420 1579
1058 2381 1109 2420 ad
1133 2381 1369 2419 beneuolum
1394 2380 1584 2419 lectorem
1611 2380 1706 2417 scri-

322 2447 400 2487 bit:
450 2447 536 2487 “De
567 2451 751 2489 sententia
782 2463 865 2488 mea
874 2443 910 2497 ‚'''
947 2449 1089 2499 inquit,
1125 2448 1147 2460 “
1159 2461 1299 2499 parum
1332 2460 1481 2486 seems
1506 2445 1629 2485 animi
1653 2444 1707 2483 ad

322 2514 468 2564 scripta
492 2515 602 2553 redeo
628 2528 724 2565 quac
749 2515 872 2552 adhuc
891 2527 1009 2565 penes
1033 2527 1090 2551 me
1115 2520 1202 2551 eunt
1227 2520 1261 2552 et
1285 2513 1439 2565 sinqula
1463 2511 1611 2550 solito
1637 2510 1708 2548 di-

322 2579 568 2632 liqentius
586 2585 848 2631 perscrutatus
873 2577 1016 2631 offendi
1043 2591 1077 2616 e.
1106 2590 1142 2629 q.
1171 2580 1226 2617 s.''
