1874 3097
790 158 994 210 cah-iou:
1187 221 1191 226 ἱ
1557 180 1583 218 5

197 280 303 333 tibus
320 280 777 332 «uiaticoperseum-anit⁸
829 278 909 317 Sed
934 291 1034 316 cum·
1050 279 1214 316 carmini
1233 278 1477 317 incumberet
1494 292 1584 330 cap·
1649 290 1655 293 ·

196 351 259 385 tus
288 358 322 385 a*
339 345 511 389 Caesare
546 344 581 383 ἃ.
605 349 694 395 post
720 345 913 393 magnum
937 350 1091 395 tempus
1118 342 1311 381 beneficio
1343 345 1583 381 maecenatis

196 417 276 452 non
294 409 623 449 -solum'seruatus
651 401 774 446 sed&
791 398 944 444 caesari
969 408 1010 445 in
1034 409 1246 445 amicitiam
1263 407 1443 446 traditus.
1471 408 1584 446 Vnde

199 476 238 514 in
271 470 464 514 honorem
501 472 740 512 maecenatis
780 471 981 522 quaedam·
1011 474 1168 524 scripsit
1205 477 1267 511 ut:
1318 485 1583 511 maecenas

200 541 368 580 a-tauis
395 539 532 578 edite
560 536 742 588 regibu
753 550 771 574 s
787 564 796 574 .
822 536 858 575 ἃ
881 536 1186 576 beniuolentiam
1214 540 1387 577 caesaris
1406 540 1583 577 carmine

180 608 432 656 «prosecutus.
457 608 501 641 ut
527 607 589 641 est
622 601 739 640 illud:
781 602 882 640 Neu
920 603 1059 639 sinas
1099 602 1268 640 medos
1311 604 1539 653 agitare¹
1559 603 1582 625 *

196 668 448 708 inultoste
474 668 600 706 duce
626 679 803 705 caesar
841 666 990 717 (Garm.
1016 666 1037 705 I
1061 667 1099 715 2,
1126 667 1206 717 51).
1259 667 1423 719 Scripsit
1456 668 1582 720 lyrica

195 730 381 772 carmina'
403 738 602 783 auctorem
636 738 793 770 secutus
827 730 1020 769 Alcaeum
1054 745 1169 783 quem
1200 734 1241 770 in
1275 745 1394 783 opere
1429 746 1499 771 suo
1525 735 1581 771 ita

159 816 162 820 ’
195 800 334 837 iactatz
357 797 578 836 Aeolium
605 810 803 835 carmen
830 796 890 834 ad
915 796 1072 835 italos
1100 797 1383 836 deduxisse
1409 798 1579 836 modos

195 861 346 914 (Oarm.
374 862 435 900 111
456 863 522 910 30,
552 863 629 912 13),
665 860 760 899 artis
785 863 963 912 poeticae
990 874 1121 909 unum,
1151 862 1303 912 epodon
1327 853 1468 911 unum,
1498 865 1577 913 epi-

195 926 381 965 stolarum
410 926 536 975 duos,
572 935 795 978 sermonum
827 926 927 964 duos
950 925 1145 975 Lucilium
1166 932 1328 975 ‚secutus
1356 928 1579 977 antiquissi-

195 1002 301 1028 mum
326 992 558 1041 scriptorem
583 991 694 1027 cuius
711 991 766 1027 ita
783 991 958 1027 meminit
975 990 1161 1029 dicendo:
1187 991 1220 1028 L
1231 1004 1256 1028 u
1268 992 1367 1028 cili'
1383 991 1579 1028 ritum2*

194 1054 668 1093 nostrum-melioris
701 1055 867 1106 utroq:
901 1053 1043 1105 (Serm.
1070 1054 1112 1092 Π
1139 1055 1174 1103 1,
1200 1055 1268 1106 29)
1307 1055 1342 1093 &
1377 1054 1579 1093 saeculare

195 1131 354 1159 cannen
388 1119 490 1169 quod
526 1118 768 1157 celebratum
800 1119 969 1170 publicis
1004 1120 1118 1157 uotis.
1170 1119 1287 1157 Felix
1312 1120 1486 1158 futurum
1510 1132 1578 1171 po-

196 1184 339 1222 sterius
366 1183 505 1222 omen.'
520 1183 559 1205 ³*

315 1313 480 1352 Constat
520 1318 651 1351 autem
688 1313 814 1351 codex
852 1326 903 1351 ex
939 1314 1043 1351 foliis
1080 1313 1155 1352 011
1188 1313 1453 1352 ‘membranae
1488 1328 1579 1352 can-

194 1377 310 1416 didae
345 1382 383 1416 et
416 1377 624 1428 leuigatac’
662 1383 701 1416 et
732 1389 923 1429 perquam
956 1391 1053 1429 pure
1089 1383 1129 1416 et
1154 1378 1277 1416 nitide
1305 1381 1471 1430 scriptus
1507 1383 1577 1427 est,

194 1447 233 1480 et
258 1444 313 1480 ita
340 1442 496 1493 quidem
527 1448 569 1480 ut
594 1444 634 1480 in
662 1444 800 1493 quauis
827 1445 972 1493 pagina
998 1430 1212 1493 adpareant
1229 1457 1368 1482 uersus
1386 1444 1578 1482 XXXIII.

194 1507 438 1558 Compendia
473 1509 691 1558 scripturae
718 1507 822 1545 haud
847 1507 971 1545 multa
995 1506 1131 1546 habet:
1150 1521 1183 1558 ¹p
1199 1523 1241 1543 z
1257 1521 1342 1559 per,
1372 1521 1413 1559 q:
1432 1524 1472 1544 z
1491 1521 1579 1560 que,

193 1580 394 1622 erum‚
422 1579 566 1610 azam
592 1572 755 1621 similia3
787 1573 857 1611 sed
882 1586 932 1610 ne
961 1573 1020 1611 his
1048 1573 1207 1624 quidem
1243 1574 1486 1625 compendiis
1513 1575 1580 1625 qui

194 1637 370 1676 codicem
405 1640 561 1689 scripsit
592 1651 747 1689 semper
783 1644 822 1676 et
856 1637 1001 1689 ubique
1034 1651 1127 1676 usus
1165 1642 1225 1676 est
1252 1639 1320 1676 sed
1347 1652 1426 1677 non
1452 1641 1579 1678 rarius

194 1703 312 1741 immo
340 1703 496 1753 saepius
529 1702 648 1754 plena
675 1703 873 1741 scribendi
900 1704 1063 1741 ratione.
1116 1702 1236 1741 Plura
1271 1704 1320 1741 de
1351 1704 1412 1742 his
1445 1704 1579 1742 simili-

193 1767 318 1806 busue
343 1769 499 1817 interim
525 1770 566 1805 in
582 1769 661 1806 fine
679 1768 793 1806 huius
819 1769 867 1806 de
883 1768 1165 1820 Porphyrionis
1189 1767 1323 1806 codice
1341 1770 1579 1819 quaestionis

193 1831 426 1870 addidimus.

311 1962 375 2000 De
414 1964 646 2000 auctoritate
677 1976 770 2001 uero
807 1969 846 2001 et
882 1965 1008 2015 pretio
1036 1963 1181 2001 codicis
1214 1963 1445 2002 CKirchner
1471 1964 1497 2000 l.
1526 1963 1576 2002 l.:

192 2027 356 2076 ‘Lectio',
372 2028 507 2078 inquit,
526 2027 713 2066 ‘Fabricii
729 2033 870 2066 temtum
885 2028 929 2066 in
954 2027 1116 2067 editione
1132 2028 1347 2067 Basileemi
1365 2041 1401 2065 a.
1419 2027 1586 2066 MDLV

192 2106 303 2144 saepe
335 2092 484 2144 supplet
518 2099 553 2130 et
585 2094 753 2143 corrigit,
786 2094 830 2131 in
862 2093 1005 2131 Satiris
1023 2093 1230 2143 praecipue
1265 2093 1362 2131 bona
1387 2094 1511 2131 minus
1535 2094 1579 2131 in

192 2157 392 2210 Epistolis.
437 2158 520 2196 Nos
545 2164 661 2196 totum
686 2149 831 2196 librum
848 2154 1114 2209 ‘emsa-ipsimae
1138 2163 1180 2195 ut
1205 2163 1346 2196 textum
1370 2157 1578 2209 aliquando

193 2211 480 2262 emendatiorem
495 2224 756 2263 exhibeamus?
784 2224 837 2261 Et
853 2224 1026 2274 profecto
1045 2225 1173 2261 uirum
1189 2229 1436 2274 praematura
1453 2229 1578 2261 morte

194 2288 332 2327 litteris
349 2291 493 2328 nostris
512 2295 691 2342 ereptum
709 2288 903 2327 sententia]⁴
925 2301 1004 2327 non
1031 2287 1181 2326 fefellit.
1207 2288 1309 2326 Fer'e
1337 2289 1440 2326 enim
1465 2289 1576 2326 innu-

192 2356 311 2393 meris
345 2351 442 2392 locis
470 2368 570 2406 quae
597 2355 673 2392 huc
698 2367 822 2403 usque
849 2354 1224 2392 circumferebantur
1250 2355 1466 2408 scripturae
1494 2367 1577 2392 cor-

233 2459 272 2490 1¹·
287 2470 348 2499 pro
368 2461 489 2499 agitare
508 2459 625 2489 Horati
643 2459 730 2490 codd.
751 2469 851 2490 omnes
871 2460 1012 2499 equitare
1092 2458 1132 2489 2*
1152 2459 1215 2489 ritu
1235 2458 1352 2489 Horati
1370 2458 1456 2490 codd.
1478 2469 1579 2490 omnes

292 2515 332 2545 3*
351 2515 444 2546 ,Hane
472 2514 597 2545 amado-m
625 2514 722 2545 uitam
744 2515 866 2553 primae
897 2513 1030 2545 exhibuit
1065 2513 1132 2544 Fea
1158 2514 1264 2553 praef.
1287 2525 1322 2553 p.
1349 2514 1538 2545 XXXVIII
1562 2524 1579 2545 e

294 2570 381 2602 codd.
408 2570 564 2602 Vaticanis
591 2569 726 2601 ottobon.
748 2570 862 2601 duobus
881 2580 957 2601 saec.
979 2569 1047 2600 XV
1062 2574 1090 2601 et
1110 2580 1127 2601 e
1148 2570 1302 2602 Okieioeno.
1324 2570 1392 2610 Cfr.
1413 2570 1579 2602 Kirchnm·

293 2636 362 2656 nou.
385 2630 512 2665 quaestt.
529 2637 565 2665 p.
586 2628 628 2656 44
