1874 3097
817 222 1067 262 cmssefflw
1556 230 1605 269 37

223 327 812 383 marginemadnotatio?
836 352 889 369 .—-
914 343 953 382 p.
978 330 1051 369 321
1078 327 1389 380 b:·‘Antiqua
1419 330 1608 381 scripta

221 395 331 436 nolui
350 393 569 446 negligere
600 393 871 444 exquibus
897 395 1351 434 Commentatorem
1385 394 1607 444 desum-p-

224 459 405 500 sim'us?
432 480 482 493 ψ·-
506 471 544 510 p.
571 458 647 497 323
673 471 714 497 a:
740 453 866 496 ‘cuius
900 471 974 509 ego
1004 457 1174 504 *locoin
1200 459 1609 498 Oommentatore

222 525 528 575 exscriptis
562 522 701 574 posui?
728 546 779 552 —-
804 537 843 572 p.
877 523 951 562 337
978 536 1019 561 a:
1052 524 1156 561 ‘cum
1191 526 1303 574 quasi
1330 537 1381 561 ex
1413 525 1608 574 promisso

223 575 488 631 ueteribus
507 599 567 625 ex
583 587 793 638 scriptis
810 587 996 637 optima
1012 581 1494 639 quaeque‘colligere
1514 591 1609 625 stu-

223 652 381 693 deam?
399 673 451 681 -—
468 665 508 704 p.
534 651 608 691 367
634 650 682 690 b:
708 651 795 703 ‘ego
820 656 927 690 certe
952 650 1058 689 haud
1081 653 1274 700 grauatim
1300 652 1608 690 Commentatori

223 717 522 770 subscripserim
540 718 606 768 qui
623 716 791 766 κολόβιον
807 715 884 766 uel,
910 721 960 754 ut
975 717 1024 754 in
1041 717 1143 754 anti
1157 717 1456 767 quissimis¹*
1469 718 1608 755 adno-

223 787 271 821 ta
279 783 350 821 tio
358 795 384 819 n
393 784 406 821 i
414 782 475 821 bu
485 796 503 821 s
511 782 575 820 τὸν
587 779 788 830 κολοβίωνα
801 781 1022 832 nuncupat.³
1039 803 1085 809 —
1099 794 1137 831 p.
1151 782 1225 821 368
1237 780 1283 820 b‘:
1297 781 1452 821 ‘maadi
1465 782 1610 820 habent

221 859 358 885 omnes
375 848 631 897 manuscripti
650 850 697 884 et
714 846 908 896 quidam
930 858 987 883 ex
1010 847 1084 883 eis
1108 846 1211 883 hanc
1235 846 1544 885 adnotationem?
1560 870 1609 876 —

195 904 198 907 Δ
221 924 261 962 p.
278 911 354 950 369
371 924 428 949 ,αι
446 911 544 949 ‘erui
571 923 622 948 ex
645 910 798 948 lacunis
820 915 1043 947 ueterum
1069 911 1390 959 scriptorum.'
1409 924 1512 961 —p.
1533 911 1609 948 449

191 1028 193 1030 v
224 973 271 1014 b:
297 974 364 1013 ‘ex
397 975 772 1023 commentariis
809 976 1037 1026 antiquis
1064 976 1113 1012 in
1139 974 1315 1026 quibus
1334 978 1609 1027 exscriptis

222 1038 380 1077 libris
406 1039 534 1077 adhuc
554 1043 734 1090 superest
751 1040 992 1090 antiquitatis
1017 1038 1294 1077 miserabiliter
1318 1038 1474 1077 lacerae
1492 1041 1609 1078 uesti-

222 1103 355 1155 gium?
381 1126 432 1132 —
465 1117 504 1155 p.
537 1103 613 1144 537
649 1117 693 1143 a:
726 1103 1063 1155 ‘subterfugerunt
1095 1103 1206 1143 multi
1242 1104 1610 1156 interpretibus

224 1163 452 1218 anti‘quis
488 1182 547 1206 ex
580 1168 1230 1219 quibusCommentatorem
1265 1168 1610 1206 describimus

223 1233 431 1273 assentiri:
475 1255 516 1262 -
552 1246 590 1284 p.
614 1233 691 1273 542
724 1246 765 1272 a:
792 1233 947 1271 ‘necin
982 1235 1195 1285 seriptis
1230 1232 1350 1272 ullis
1386 1235 1610 1287 antiquis

224 1311 285 1336 ex
309 1297 487 1348 quibus
515 1298 966 1336 Commentatorem
992 1297 1205 1335 edimus·³
1234 1321 1284 1326 —-
1308 1311 1348 1348 p.
1374 1298 1450 1336 543
1476 1311 1521 1336 a:
1556 1298 1610 1335 ‘in

223 1364 449 1414 antiquis
483 1364 691 1415 scriptis
726 1364 860 1401 inueni
892 1369 1058 1401 scrutum
1093 1363 1178 1401 etc?
1217 1386 1265 1391 —
1300 1377 1338 1414 p.
1372 1363 1447 1400 548
1473 1362 1520 1402 b:
1554 1363 1609 1401 ‘in

227 1429 438 1478 seriptis
465 1429 686 1479 antiquis
711 1428 811 1466 haec
828 1427 1033 1478 leguntur.³
1053 1450 1102 1457 —
1119 1441 1157 1479 p,
1175 1428 1309 1466 559b:
1337 1427 1408 1466 sed
1433 1427 1606 1479 plurium

228 1506 461 1532 consensum
486 1499 645 1531 secutus
673 1506 758 1531 sum
784 1506 889 1531 cum
915 1495 1140 1544 antiquis
1168 1493 1445 1545 adscriptis
1470 1501 1521 1531 ut
1547 1495 1609 1531 ui-

227 1557 349 1596 dere
385 1559 435 1610 in
462 1558 854 1598 Commentatore
889 1557 1041 1597 licet?
1069 1581 1120 1587 —
1143 1572 1181 1610 p.
1207 1559 1282 1597 568
1310 1559 1355 1598 b:
1380 1559 1463 1597 ‘sed
1489 1559 1611 1597 lecto-

223 1635 309 1661 rem
335 1622 465 1663 celare
491 1623 598 1662 nolui
623 1625 890 1662 inuenisse
916 1636 988 1662 me
1015 1624 1140 1662 haec
1165 1623 1342 1662 uerba?
1369 1646 1420 1652 -—

345 1754 399 1791 At
422 1752 539 1804 longe
565 1755 777 1792 maximam
803 1758 955 1805 partem
982 1743 1232 1792 'scholiorum'
1249 1754 1412 1805 Cruquii
1439 1755 1480 1791 in
1506 1754 1610 1792 codi-

225 1817 336 1857 cibus
361 1817 580 1857 Blandiniis
616 1820 791 1858 extitisse
817 1826 856 1858 et
882 1818 974 1858 i'nde
1001 1833 1025 1858 a
1052 1820 1225 1872 Oruquio
1258 1820 1495 1870 descriptam
1522 1831 1611 1857 esse

225 1886 363 1935 negari
388 1884 498 1923 nullo
524 1890 641 1935 pacto
666 1888 818 1936 poterit.
859 1886 937 1924 Sed
957 1888 1014 1924 eis
1043 1899 1197 1937 quoque
1223 1886 1320 1923 locis
1347 1885 1412 1923 ubi
1440 1885 1521 1922 hos
1548 1898 1610 1922 co-

226 1947 335 1987 dices
362 1948 438 1987 sibi
465 1949 614 1988 scholia
638 1949 802 2001 largitos
830 1963 918 1989 esse
944 1955 1145 2000 memorat,
1172 1950 1288 1989 modo
1315 1963 1367 1988 ex
1391 1962 1468 1988 uno
1493 1949 1611 1987 modo

226 2026 278 2051 ex
294 2013 445 2052 duobus
471 2013 551 2053 alia
568 2028 619 2053 ex
635 2015 760 2058 tribus
779 2021 847 2054 aut
873 2020 1055 2067 quattuor
1081 2016 1250 2067 denique
1268 2028 1319 2053 ex
1334 2015 1610 2054 Vetustissimo

227 2091 271 2117 se
292 2078 476 2121 ¹hausisse
509 2080 665 2119 fatetur.
713 2081 807 2129 Quo
842 2080 1000 2132 quidem
1032 2081 1076 2119 fit
1109 2084 1152 2119 ut
1177 2081 1424 2132 paucissimis
1459 2084 1610 2117 tantum

225 2143 322 2183 locis
341 2145 640 2185 Vetustissimus
659 2146 753 2198 quid
771 2148 1139 2191 commentariorum
1156 2146 1337 2184 habuerit
1364 2150 1607 2196 compertum

225 2209 474 2259 habeamus3⁴
498 2215 536 2249 et
561 2216 692 2249 tamen
717 2224 817 2262 quae
845 2217 906 2248 est
931 2216 1067 2249 nostra
1098 2224 1203 2249 nunc
1228 2211 1367 2249 horum
1393 2209 1609 2248 studiorum

213 2276 327 2314 *ratio
353 2289 494 2315 seuera
519 2276 729 2315 admodum
749 2281 794 2329 et
819 2277 974 2315 curiosa
999 2276 1163 2314 multum
1188 2278 1353 2316 interest
1379 2276 1465 2326 quis
1489 2274 1608 2315 Blan-

230 2339 424 2379 diniorum
458 2354 612 2392 quoque
647 2341 734 2380 loco
768 2342 855 2379 fons
890 2341 1018 2380 fuerit.
1074 2341 1180 2391 Ergo
1216 2340 1314 2378 nihil
1347 2340 1454 2378 aliud
1487 2345 1610 2378 restat

225 2406 302 2444 nisi
328 2411 371 2444 ut
396 2406 569 2458 singulos
596 2406 703 2445 locos
731 2419 781 2444 ex
807 2406 969 2457 Cruquii
995 2407 1283 2444 commentariis
1317 2406 1461 2444 iterum
1488 2404 1609 2444 conli-

225 2485 364 2523 gamus
404 2478 442 2512 et
475 2473 700 2524 digeramus
742 2478 786 2511 ut
825 2473 989 2523 quisque
1023 2473 1108 2523 ipse
1142 2471 1216 2510 sibi
1252 2471 1440 2513 iudicium
1475 2472 1609 2513 facere

225 2539 362 2588 possit.
747 2541 752 2545 '

267 2682 305 2711 1*
325 2683 374 2712 Au
395 2683 474 2713 forte
495 2686 569 2713 suut
588 2682 647 2712 hae
669 2681 819 2712 adnotatt.
841 2680 903 2711 eod.
929 2679 1040 2710 Blmwl.
1064 2679 1247 2717 anaqam?
1285 2670 1291 2676 ’
