1874 3097
5 1233 6 1241 ⁴
4 1156 7 1188 2>ss
1 996 9 1116 *Α

189 898 298 958 Diu
314 920 524 958 multorum
543 919 739 957 desiderio
758 918 1013 969 efflagitatum
1041 923 1102 957 est
1126 922 1169 957 ut
1185 920 1345 958 tandem
1362 919 1575 971 aliquando

188 983 357 1023 Aci-onis
384 988 423 1023 et
447 983 729 1036 Porphyrionis
756 982 906 1023 scholia
929 982 1149 1022 Horatiana
1173 988 1264 1036 post
1287 985 1365 1023 tria
1400 983 1572 1034 saecula,

189 1049 264 1088 hoc
291 1053 371 1098 est,
407 1053 497 1101 post
522 1048 732 1088 GFabricii
769 1061 904 1087 curam
938 1048 1140 1100 (Basileae
1165 1049 1362 1101 M.D.LV)
1395 1049 1577 1088 emenda-

189 1116 266 1152 tius
304 1113 532 1162 ederentur3
572 1126 663 1151 nam
697 1126 721 1151 a
757 1125 833 1165 quo
867 1117 957 1165 post
989 1103 1099 1155 illum
1135 1113 1263 1152 denuo
1297 1113 1446 1166 publici
1479 1115 1577 1152 iuris

189 1180 295 1217 facta
321 1172 412 1217 sunt
427 1177 718 1216 Braunhardus
746 1178 796 1216 de
821 1191 868 1216 eo
894 1179 1088 1216 incertum
1125 1178 1252 1217 habeo
1278 1179 1425 1230 pudeat
1451 1180 1577 1229 magis

189 1256 241 1281 an
266 1244 399 1294 pigeat
424 1242 629 1281 disserere.
681 1242 778 1281 Eius
812 1244 916 1281 enim
951 1242 1069 1281 editio
1094 1243 1150 1281 ita
1176 1248 1402 1294 comparata
1437 1248 1498 1281 est
1522 1248 1577 1292 ut,

182 1320 298 1360 ‚quae
318 1312 380 1346 est
403 1312 538 1346 nostra
562 1311 690 1345 aetate
724 1307 941 1346 studiorum
976 1306 1263 1359 philologorum
1299 1309 1410 1358 ratio,
1438 1309 1508 1346 uix
1531 1321 1579 1346 ac

189 1386 240 1411 ne
266 1373 335 1411 uix
359 1372 515 1424 quidem
541 1384 775 1423 quemquam
801 1371 941 1410 deceat
965 1372 1016 1411 ad
1041 1371 1152 1411 illam
1176 1385 1406 1424 prouocare.
1441 1373 1578 1412 Fabri-

191 1439 304 1476 ciana
335 1442 465 1476 autem
504 1437 603 1476 adeo
639 1450 730 1475 rara
765 1442 825 1475 est
856 1436 963 1475 facta
998 1442 1042 1474 ut
1074 1438 1152 1475 nisi
1191 1450 1334 1488 magno
1374 1451 1467 1476 aere
1500 1440 1581 1476 iam

189 1516 270 1541 non
303 1503 428 1553 possit
452 1504 604 1554 parari3
631 1503 724 1553 quin
752 1503 870 1540 etiam
892 1501 933 1539 id
957 1501 1165 1540 adfirmare
1191 1515 1353 1554 possum
1377 1502 1581 1554 permultis

193 1572 232 1616 et
256 1568 353 1605 uiris
388 1565 512 1605 doctis
548 1572 587 1604 et
611 1566 861 1605 bibliothecis
886 1565 1055 1616 publicis
1083 1568 1261 1617 quamuis
1290 1580 1336 1604 eo
1359 1580 1432 1618 per
1456 1580 1581 1605 annos

191 1633 412 1670 niterentur
435 1630 540 1672 huno
577 1643 701 1681 usque
740 1631 781 1667 in
821 1631 924 1668 diem
962 1643 1044 1669 non
1073 1632 1285 1681 contigisse
1316 1636 1359 1669 ut
1387 1630 1479 1669 libri
1506 1631 1582 1670 Fa-

192 1696 358 1735 briciani
393 1696 547 1747 copiam
582 1693 657 1733 sibi
691 1694 880 1747 facerent.
933 1694 1063 1743 Quam
1097 1695 1190 1733 libri
1218 1697 1418 1734 raritatem
1444 1697 1506 1746 (ut
1531 1697 1581 1735 de

191 1760 280 1800 aliis
300 1761 469 1811 taceam)
480 1762 559 1798 iam
576 1759 721 1798 abhinc
733 1759 822 1811 plus
838 1759 1100 1811 quadraginta
1114 1773 1237 1799 annos
1253 1760 1581 1813 (M.DOOO.XV)

192 1831 353 1878 questus
381 1830 442 1865 est
458 1825 791 1864 Mitscherlichius
818 1825 941 1877 praef.
961 1839 999 1875 p.
1017 1825 1128 1865 XLV
1147 1825 1232 1864 ubi:
1261 1826 1418 1874 ‘editio’,
1443 1829 1581 1878 inquit,

192 1891 304 1930 ‘inter
330 1885 681 1943 praestantissimas
705 1890 772 1928 sed
792 1885 841 1929 'et
870 1890 1091 1929 rarissimas
1115 1891 1378 1929 numeranda.³

316 2020 434 2068 Quod
459 2025 501 2058 ut
529 2024 584 2058 ita
612 2021 661 2058 sit
687 2026 767 2058 tres
795 2021 835 2057 in
859 2021 995 2071 primis
1022 2033 1086 2058 res
1104 2021 1146 2057 in
1163 2033 1282 2058 causa
1303 2020 1426 2058 fuere.
1452 2020 1582 2071 Atque

193 2087 365 2137 primum
393 2086 550 2137 quidem
577 2086 797 2123 miserrima
822 2084 977 2124 illorum
1004 2084 1240 2123 scholiorum
1267 2085 1584 2139 conditiofquade

197 2152 307 2189 iuuat
341 2150 517 2189 eiusdem
552 2149 724 2189 Fabricii
752 2149 875 2187 uerba
902 2163 953 2187 ex
979 2150 1147 2201 epistula
1174 2150 1332 2188 editioni
1364 2146 1584 2201 praeniissa

195 2216 273 2254 huc
300 2215 580 2255 transcribere:
608 2215 840 2264 ‘Herculem',
868 2216 1003 2266 inquit,
1022 2215 1165 2267 {ferunt
1181 2222 1216 2254 et
1231 2214 1380 2267 Aaqiae
1397 2216 1585 2254 stabulum

192 2270 375 2333 purgasse
402 2288 436 2319 et
461 2295 543 2319 cum
568 2283 715 2319 Antaeo
746 2294 821 2319 esse
855 2280 1035 2319 luctatum
1066 2295 1201 2332 maqno
1228 2281 1354 2318 labore
1379 2287 1414 2318 et
1431 2282 1585 2332 pericu-

195 2346 271 2384 loso
298 2347 519 2395 certamine,·
552 2359 628 2384 ‘non
652 2347 777 2384 minus
810 2359 874 2397 eqo
899 2347 1040 2397 ‘neqotii
1073 2359 1119 2383 ae
1143 2345 1333 2383 molestiae
1360 2347 1413 2396 (si
1435 2347 1588 2398 may-nis

193 2425 320 2461 parua
344 2411 576 2450 militaribus
592 2411 813 2449 scholastica
832 2411 1004 2462 conferre
1020 2410 1121 2460 licet)
1148 2411 1192 2448 in
1209 2411 1429 2462 purgandis
1458 2425 1484 2449 a
1508 2413 1588 2449 situ

195 2489 240 2515 ac
257 2476 431 2515 sordibus
456 2475 721 2527 interpretibus
746 2476 977 2514 Horatianis
1012 2476 1234 2527 consumpsi.
1288 2475 1365 2514 Sed
1401 2476 1492 2514 dum
1525 2489 1588 2514 ue-

195 2541 269 2579 luti
297 2541 447 2593 Augiae
472 2542 636 2580 intentus
669 2547 704 2578 et
728 2542 871 2580 amissa
904 2542 1075 2579 instauro
1110 2547 1145 2578 et
1170 2548 1350 2592 corrupta
1377 2541 1528 2579 emendo
1555 2549 1591 2579 et

196 2606 388 2656 dissipata
414 2606 547 2657 colliyo
582 2606 694 2656 quasi
727 2619 809 2643 cum
834 2607 980 2645 Antaeo
1007 2606 1122 2643 simul
1157 2605 1378 2644 luctandum
1405 2612 1458 2644 est
1484 2619 1590 2657 quem

320 2686 471 2712 QVAESTT.
488 2686 587 2709 cmi-T.
993 2716 997 2723 ,
1248 2694 1263 2721 1
